3046 4748
236 334 299 398 130
379 328 523 385 Contra
549 330 732 400 Apicnem
754 329 792 395 11,
810 330 949 386 alc-251
969 328 1101 399 (XXXIV.
1119 328 1227 401 XXXV)

233 524 307 587 dum
336 540 437 603 neque
465 520 568 585 senior
594 524 689 602 atque
711 539 763 585 rex
785 520 942 586 ualuisset
963 521 1119 603 impetum
1143 541 1236 588 suum
1260 543 1278 587 a
1299 542 1368 588 mn·

144 625 208 690 247
231 627 319 692 lieris
337 624 542 709 permixtione
560 625 714 690 retinere?
729 625 783 689 alii
797 645 873 690 uero
888 626 932 689 dii
947 626 1120 692 seruientes
1138 627 1318 692 hominibus
1337 632 1369 693 et

233 751 316 796 nuuc
334 732 462 812 quidem
485 730 683 795 aedificantes
703 749 799 795 causa
816 730 980 809 mercedis,
999 750 1081 795 nunc
1099 750 1174 797 uero
1193 737 1367 815 pascentes,

233 837 287 902 alii
310 842 417 910 autem
440 836 650 919 malignorum
672 836 766 900 modo
784 835 817 899 in
834 836 934 900 ferreo
953 854 1075 900 carcere
1099 836 1254 921 colligari:
1274 857 1367 920 quem

232 942 332 1025 igitur
363 941 552 1024 sapientium
584 941 662 1005 talia
687 960 748 1005 non
776 941 957 1019 accendant,
984 943 1022 1004 ut
1043 941 1121 1005 haec
1144 945 1367 1025 componentes
1398 950 1415 1008 a*

231 1046 420 1129 redarguant
443 1050 476 1109 et
495 1046 629 1111 multam
652 1045 822 1110 stultitiam
841 1045 891 1109 his
910 1044 1102 1110 credentium
1121 1048 1367 1130 reprehendant?

144 1149 209 1215 248
233 1152 286 1216 alii
310 1170 385 1216 uero
410 1157 442 1215 et
464 1153 613 1215 terrorem
636 1150 791 1240 quendam
814 1150 866 1215 uel
889 1153 1010 1216 metum
1032 1170 1089 1215 nec
1111 1171 1172 1216 uon
1196 1155 1229 1216 et
1249 1154 1368 1218 rabiem

159 1278 161 1287 ·
233 1261 327 1338 atque
341 1255 555 1321 seductionem
570 1274 740 1338 omnesque
753 1255 907 1338 pessimas
925 1255 1088 1338 passiones
1105 1257 1137 1320 in
1158 1256 1207 1320 dei
1225 1260 1368 1322 naturam

233 1363 266 1424 et
287 1360 420 1425 formam
442 1361 558 1444 lingere
580 1362 868 1443 praesumpserunt,
892 1363 924 1424 et
947 1361 1058 1425 horum
1082 1361 1209 1443 quidem
1237 1363 1368 1428 nobilio·

145 1465 210 1530 249
233 1467 322 1530 ribus
346 1466 442 1530 etiam
466 1465 613 1529 ciuitates
642 1465 815 1553 sacrificare
838 1469 1014 1530 suaserunt.
1038 1465 1194 1546 siquidem
1217 1467 1249 1531 in
1268 1467 1368 1533 multe
1386 1493 1412 1532 ιο

232 1569 422 1634 necessitate
455 1570 641 1644 consistunt,
675 1572 712 1633 ut
739 1571 892 1652 quosdam
920 1570 1049 1635 deorum
1075 1572 1188 1651 putent
1212 1571 1367 1636 boncmm

233 1693 304 1739 esse
330 1674 507 1758 largitores,
535 1675 613 1740 alios
642 1677 746 1740 autem
774 1678 891 1739 nocent
918 1675 1139 1756 auersatnrios,
1164 1675 1286 1758 quando
1314 1694 1367 1741 ecs

232 1779 333 1845 ueluti
361 1779 609 1862 malignissimos
636 1779 778 1844 homines
806 1779 990 1844 muneribus
1014 1782 1109 1862 atque
1132 1779 1221 1844 donis
1244 1782 1367 1863 placare

233 1884 435 1959 contendunt,
459 1903 609 1965 maguum
633 1883 792 1964 quoddam
818 1885 937 1949 melum
966 1903 1000 1948 se
1029 1889 1231 1967 suscepturos
1259 1884 1367 1949 abeis

232 1988 459 2060 existimantes,
482 1987 544 2051 nisi
566 1987 743 2051 mercedem
766 1988 812 2052 eis
836 1987 979 2052 studiose
998 1989 1209 2070 praebuerint.
1387 2013 1414 2052 ιο

144 2094 209 2157 250
276 2092 405 2156 XXXV.
431 2090 517 2170 Quae
540 2092 638 2176 igitur
661 2111 756 2156 causa
779 2091 823 2157 sit
839 2096 944 2158 tautae
964 2094 1059 2157 huius
1077 2093 1255 2174 iniquitatis
1274 2095 1369 2172 atque

227 2198 343 2261 delicti
379 2197 462 2261 circa
497 2196 613 2259 deum?
650 2215 708 2279 ego
746 2197 873 2279 quidem
910 2198 1051 2272 arbitror,
1085 2216 1121 2261 eo
1154 2197 1239 2278 qnod
1268 2215 1369 2277 neque

234 2321 342 2365 ueram
373 2301 424 2364 dei
456 2303 599 2365 naturam
627 2301 665 2365 ab
692 2301 782 2365 initio
811 2320 918 2365 eorum
945 2302 1145 2385 legislatores
1174 2300 1369 2384 agnoueriut,

234 2425 335 2488 neque
376 2407 528 2487 quantum
569 2406 727 2488 percipere
763 2408 934 2487 potuerunt
969 2407 1141 2489 perfectam
1181 2405 1367 2470 sententiam

147 2514 208 2576 251
234 2510 416 2575 definientes
448 2511 639 2593 reipublicae
670 2510 875 2588 tradiderunt,
908 2512 964 2575 sed
990 2512 1081 2575 uelut
1107 2510 1193 2575 aliud
1221 2509 1369 2592 quiddam
1385 2534 1415 2574 ao

233 2615 459 2697 prauissimum
482 2615 678 2696 reliquerunt
700 2613 810 2679 dantes
832 2619 1023 2697 potestatem
1047 2614 1149 2698 poetis
1173 2613 1310 2695 quidem,
1333 2614 1371 2676 ut

235 2737 314 2801 quos
342 2720 462 2783 uellent
488 2720 564 2784 deos
591 2718 823 2783 introducerent
851 2720 928 2783 haec
951 2718 1055 2783 omnia
1075 2717 1243 2801 patientes,
1266 2716 1370 2782 rheto-

323 2958 402 3022 LBR,
422 2957 473 3020 GP,
493 2973 517 3013 e.
538 2990 570 2997 —
590 2958 621 3019 Λ,
642 2957 682 3010 ed.
702 2974 741 3027 pr.

273 3136 285 3187 1
306 3133 457 3186 ualuissent
474 3131 502 3186 R
590 3131 720 3200 impeturn
732 3173 738 3186 .
750 3169 756 3182 .
769 3129 911 3198 .retinere]
930 3127 1042 3198 ἐπισχεῖν
1060 3128 1108 3198 τὴν
1127 3127 1210 3199 ὁρμὴν
1228 3126 1289 3179 iaso
1306 3132 1369 3195 γοῦν

236 3220 272 3282 οἱς
291 3221 319 3272 τὸ
338 3217 466 3290 δωμάτιον
486 3217 607 3270 ἀπελθεῖν
661 3218 678 3269 2
697 3216 746 3286 dii]
767 3215 861 3270 dume
931 3213 1095 3283 horninibus]
1115 3230 1149 3267 ex
1163 3213 1285 3267 omuibus
1299 3227 1369 3265 corr.

235 3308 273 3361 Ρι
344 3308 506 3375 3pascente
524 3305 552 3359 R
623 3304 793 3366 taccadant⁸
807 3303 860 3356 ΕΒ
879 3307 958 3367 (corr.
977 3299 1026 3367 13²)
1045 3301 1114 3356 1300
1185 3301 1262 3370 haec]
1281 3298 1371 3353 hece

236 3392 447 3462 teredeutiurn]
462 3390 647 3462 προομὲνωνΛ
701 3391 775 3460 let]
791 3391 856 3446 ade
909 3390 972 3443 8in
987 3388 1190 3457 dei-formam]
1205 3388 1246 3441 aa'c
1260 3387 1372 3440 Graeca

235 3487 342 3535 secutae
359 3480 525 3546 transportat,
545 3483 573 3531 et
590 3479 702 3532 formam
720 3479 747 3531 in
768 3478 810 3531 dei
829 3477 915 3542 (iudai
933 3477 970 3541 R)
989 3481 1113 3528 naturam
1130 3476 1231 3529 cedde
1285 3475 1301 3527 9
1319 3472 1371 3526 lro·

235 3569 305 3636 rum]
326 3583 416 3620 eorum
435 3567 462 3619 P
515 3567 548 3619 10
567 3566 703 3636 ciuitates]
724 3565 875 3625 mendaci,
895 3563 1007 3617 ciuitate
1025 3562 1122 3616 LeOP
1138 3563 1166 3615 in
1185 3562 1296 3615 ciuitate
1315 3559 1372 3616 BR

271 3655 299 3707 in
317 3654 414 3722 multa]
434 3654 586 3714 eamdam,
605 3653 715 3706 simulta
728 3652 798 3706 codd
811 3651 969 3704 simulatae
1025 3652 1055 3704 ll
1075 3651 1175 3718 putant
1188 3648 1215 3703 R
1270 3649 1305 3702 12
1320 3663 1370 3700 no·

236 3744 299 3795 cent
311 3741 339 3795 R
409 3742 599 3810 auersatcrios]
618 3757 651 3794 ea
669 3738 857 3809 ἀποτροπαίους
870 3738 974 3806 scripsi,
989 3737 1185 3790 aduersatorics
1198 3734 1306 3789 LBRG
1321 3733 1371 3788 ad-

235 3828 367 3882 uersarios
384 3827 428 3882 Pe
483 3826 600 3897 qnando]
620 3819 675 3878 οἶτα
693 3825 720 3878 dl
768 3827 800 3880 13
819 3826 924 3894 placere
942 3825 1047 3879 cedde
1093 3825 1126 3879 15
1143 3823 1326 3893 praebuerunt
1343 3822 1373 3877 12

239 3917 271 3969 19
289 3915 442 3984 praecipere
462 3929 479 3969 c
545 3914 580 3967 20
598 3905 762 3966 diffinientes
779 3912 859 3968 RCP
876 3911 1028 3966 diffinientes
1047 3925 1064 3966 e
1134 3909 1297 3979 reipublicae
1314 3911 1371 3962 tra·

238 4000 373 4070 ciderunt]
392 4003 455 4071 πρὸς
472 4008 549 4054 τοῦτο
568 3999 729 4071 ποοῄοαοθαι
746 4001 794 4071 τὴν
813 3997 895 4070 ἄλλην
914 3997 984 4058 τάξιν
1003 4005 1048 4051 τοῦ
1061 3997 1246 4069 πολιτεύματος
1309 3997 1371 4065 qui·

237 4089 334 4144 dame
388 4090 420 4142 21
441 4089 624 4157 relinquerent
640 4088 668 4141 P
737 4088 808 4158 pqtis
827 4087 881 4140 LB
952 4085 1070 4156 quidem]
1089 4084 1258 4155 siquideme
1330 4088 1371 4147 nt,

237 4178 297 4230 ta'n
313 4193 369 4231 raa.
388 4176 428 4231 R¹
481 4177 514 4229 22
535 4175 606 4244 quod
624 4175 650 4228 L
725 4175 803 4245 haec]
824 4175 899 4228 adm
917 4191 935 4228 a
955 4173 1070 4228 Graecia
1130 4172 1280 4228 rethoribus
1299 4171 1373 4227 codd
