3036 4756
386 308 529 364 Contra
551 308 734 378 Apiorrem
758 311 780 372 Ι,
802 310 940 364 roo-105
960 311 1025 378 (XV.
1046 311 1119 374 XVI)
1264 315 1306 377 23

176 506 349 579 monuerat,
379 505 444 567 sine
483 502 595 566 timore
631 502 775 567 faciebat.
812 521 882 565 nam
916 504 948 565 et
978 501 1117 584 reginam
1154 501 1308 566 uiolenter

176 609 291 672 adiecit
320 611 353 672 et
379 608 451 672 aliis
479 608 663 672 concubinis
692 608 758 672 sine
786 594 938 689 parcitate
965 607 1082 690 iugiter
1105 607 1305 686 miscebatur,

176 733 352 797 suasusque
380 715 418 778 ab
447 714 557 779 amicis
585 714 734 779 utebatur
761 714 936 777 diademate
960 716 992 776 et
1014 712 1187 777 rebellabat
1209 712 1306 776 fratri.

176 821 203 884 is
238 839 312 885 uero
346 819 401 901 qui
429 819 621 884 constitutus
650 822 717 883 erat
744 837 840 901 super
868 837 955 882 sacra
982 818 1138 901 Aegyptia
1165 817 1305 882 scribens
1331 817 1391 881 101

146 926 291 989 alibrum
315 925 441 990 Sethcsi
464 924 575 989 direxit
598 928 631 989 et
653 928 767 988 cuncta
790 923 969 1007 significans
994 926 1025 987 et
1051 923 1124 1005 quia
1142 923 1308 987 rebellaret

177 1031 205 1095 ei
233 1049 309 1094 suus
337 1030 433 1094 frater
460 1031 580 1093 Armes.
605 1030 657 1111 qui
682 1032 809 1110 repente
832 1029 870 1092 ad
892 1028 1057 1093 Pelusium
1081 1028 1253 1093 destinauit
1274 1030 1307 1091 et

175 1137 334 1219 proprium
357 1136 460 1200 tenuit
481 1142 642 1218 regnum.l
674 1136 836 1218 prouincia
863 1154 937 1198 uero
965 1138 1079 1199 uocata
1106 1137 1155 1199 est
1178 1154 1214 1199 er
1238 1135 1305 1200 eiua
1331 1134 1394 1198 102

175 1242 300 1307 nomine
318 1244 499 1324 Aegyptum
519 1241 597 1304 dicit
615 1241 696 1305 enim
716 1242 789 1323 quia
809 1241 921 1306 Setbos
940 1239 1104 1325 Aegyptus
1124 1240 1305 1319 uocabatur,

175 1348 286 1411 Aunes
310 1350 416 1411 autem
439 1348 534 1415 frater
556 1347 624 1411 eius
648 1347 785 1410 Danaus,

133 1477 159 1516 10
220 1453 304 1517 XVI.
327 1453 415 1517 Haec
439 1451 583 1533 equidem
606 1452 787 1517 Manethon.
810 1452 841 1515 iu
865 1453 968 1534 palam
993 1471 1067 1516 uero
1091 1455 1141 1516 est
1164 1471 1199 1517 ex
1219 1471 1306 1535 prae·
1331 1451 1394 1515 103

177 1559 269 1623 dictis
299 1559 387 1623 annis
415 1561 556 1641 tempore
584 1561 775 1640 computato,
804 1558 878 1640 qrria
899 1558 933 1621 hi
956 1559 1010 1640 qui
1037 1559 1232 1622 uocabantur
1253 1576 1306 1640 pa-

177 1668 289 1739 stores,
319 1662 352 1727 id
379 1665 429 1727 est
456 1663 556 1727 nostri
588 1663 812 1744 progenitores,
842 1682 877 1726 er
903 1663 1046 1746 Aegypto
1078 1663 1203 1727 liberati
1235 1665 1305 1726 ante

175 1775 239 1833 tres
278 1772 311 1833 et
345 1768 517 1851 nonaginta
555 1770 649 1850 atque
681 1772 838 1833 trecentos
871 1788 966 1832 annos
1001 1770 1079 1833 banc
1112 1768 1304 1850 prouinciam

174 1875 438 1949 inhabitauemnt,
463 1893 557 1957 quam
580 1875 707 1939 Danaus
731 1876 769 1938 ad
792 1876 893 1958 Argos
918 1875 1088 1949 accederet,
1118 1875 1195 1938 licet
1221 1874 1305 1937 bunc

132 2005 157 2044 1⁵
176 1981 431 2061 antiquissimum
448 1979 561 2064 Argiui
580 1999 649 2044 esse
670 1981 835 2045 confidant.
856 1983 933 2046 duas
951 1981 1050 2065 igitur
1066 2000 1117 2045 res
1136 1980 1305 2044 Manethon
1330 1981 1394 2045 104

175 2087 325 2150 maximas
366 2105 421 2167 pro
462 2085 551 2152 nobis
590 2105 625 2150 er
661 2088 825 2170 Aegyptiis
860 2087 974 2152 litteris
1011 2090 1204 2170 protestatus
1242 2088 1305 2150 est:

175 2192 307 2274 primam
334 2190 471 2274 quidem,
495 2191 569 2272 quia
591 2191 715 2256 aliunde
738 2196 892 2256 uenerunt
917 2192 955 2255 ad
978 2192 1168 2276 Aegyptum,
1193 2189 1305 2254 deinde

175 2316 339 2381 egressum
375 2315 481 2361 eorum
519 2297 626 2361 exinde
663 2299 706 2361 ita
739 2298 934 2380 temporibus
971 2297 1237 2379 antiquissimum,
1269 2298 1307 2359 ut

174 2422 271 2485 paene
293 2403 381 2467 mille
404 2403 492 2466 annis
515 2403 634 2466 bellum
657 2404 824 2485 praecedat
841 2404 984 2468 Iliacum.
1007 2404 1038 2468 in
1062 2403 1111 2467 his
1135 2404 1250 2479 autem,
1272 2401 1304 2465 in
1329 2404 1392 2467 105

130 2533 157 2573 20
174 2509 289 2591 quibus
303 2509 473 2573 Manethon
492 2529 552 2574 non
571 2510 708 2593 Aegypti
725 2510 852 2588 litteris,
873 2510 928 2574 sed
947 2510 1117 2592 sicutipse
1141 2509 1304 2573 confessus

175 2619 224 2679 est
252 2633 287 2678 er
314 2614 429 2678 fabulis
459 2615 654 2696 quorundam
684 2609 752 2680 sine
779 2616 904 2681 nomine
927 2616 1077 2703 quaedam
1103 2615 1227 2692 adiecit,
1250 2633 1304 2696 po-

175 2726 243 2785 stea
271 2720 502 2802 particulariter
530 2721 605 2785 haee
635 2720 830 2806 redarguam,
864 2721 1031 2786 ostendens
1061 2739 1098 2785 ea
1128 2721 1194 2784 sine
1224 2719 1303 2783 ureri-

175 2826 382 2890 similitudine
406 2845 475 2891 esse
498 2826 669 2891 mendacia.

261 2964 410 3037 LBR,OP,
429 2989 453 3028 e.
474 3004 505 3012 -
525 2972 614 3026 liuseb
632 2972 743 3042 Theoph
762 2973 793 3038 A,
805 2973 854 3046 ed.
873 2990 912 3042 pr.

209 3081 226 3132 2
244 3077 353 3148 adiecit]
375 3076 489 3145 (βιαίως)
508 3074 583 3148 ἔσχεν
602 3077 702 3132 abiecit
719 3094 736 3133 e
755 3077 874 3133 adfecit?
910 3078 926 3131 3
946 3094 1006 3131 suae
1025 3093 1109 3146 usque
1128 3076 1170 3131 Pe
1224 3079 1302 3148 ·que]

174 3166 200 3219 a
215 3165 238 3216 A
292 3166 338 3236 ab]
359 3166 393 3219 ad
407 3166 442 3232 B,
456 3167 514 3235 apae
533 3182 601 3220 eurr.
655 3169 684 3220 et
696 3173 762 3236 port
779 3167 907 3221 utebatur
919 3166 999 3220 imer.
1014 3165 1113 3221 LBRe
1171 3166 1301 3236 fratri.is]

140 3306 143 3311 .
172 3254 226 3308 irat
214 3257 272 3308 trun
289 3253 344 3306 LB
361 3253 440 3323 (Βῖ’
428 3270 460 3307 aa
478 3256 524 3307 -iis
542 3257 619 3322 aaut.)
639 3253 723 3308 frater
743 3255 792 3308 ΟΡ
848 3258 962 3324 lsuper
980 3253 1094 3322 saera]
1086 3252 1127 3306 eat
1143 3259 1195 3306 τῶν
1214 3251 1302 3324 ἱερέων

173 3343 263 3411 snper]
274 3342 391 3411 supraR
426 3344 442 3396 5
458 3341 577 3412 Sethosi]
587 3341 669 3396 eedho
681 3344 704 3409 (s
714 3345 742 3412 e)
752 3360 775 3396 sr
767 3342 883 3398 LBRe
893 3343 1009 3396 sethossi
1022 3341 1071 3396 GP
1123 3344 1151 3395 et
1159 3341 1242 3409 pctus
1251 3357 1301 3395 ora.

177 3457 271 3511 Ceam
287 3456 392 3510 Graeco
450 3456 534 3510 frater
547 3473 610 3510 suus
625 3461 658 3511 tr
671 3457 700 3514 R
753 3457 892 3526 8sethoa]
911 3456 938 3510 L
957 3474 970 3511 c
989 3457 1150 3512 sedhosisa.
1164 3454 1203 3508 L³
1218 3454 1295 3509 setho

172 3545 200 3599 B
219 3544 346 3598 cethaee
418 3543 560 3599 abacos
581 3544 631 3599 ΟΡ
701 3547 734 3600 10
753 3546 860 3614 quidem
878 3545 905 3600 R
980 3545 1136 3613 Manethon]
1155 3543 1302 3597 Manethon

172 3631 279 3686 LBGP
295 3630 344 3702 (L2
360 3637 474 3699 corsae.)
565 3634 598 3687 14
616 3634 808 3688 habitauemnt
825 3635 853 3689 R
942 3634 1041 3688 denaus
1061 3634 1086 3687 L
1101 3637 1180 3700 (cerr.
1195 3630 1244 3699 Li)
1256 3630 1301 3686 Be

173 3721 218 3790 ad]
240 3724 267 3775 et
284 3720 311 3773 L
328 3720 374 3790 (ad
392 3738 413 3776 a.
432 3720 481 3787 L2)
554 3722 586 3776 15
606 3723 712 3792 Argiui]
733 3733 799 3791 argu
819 3722 949 3792 Oarguit
966 3722 993 3775 P
1062 3721 1190 3776 maximas
1210 3736 1300 3774 mane·

173 3810 240 3863 thou
260 3813 292 3862 tr.
314 3808 338 3863 0
396 3811 429 3865 16
449 3813 490 3880 er]
510 3827 560 3865 om.
583 3811 621 3864 0?
642 3816 728 3875 (catat
745 3812 776 3865 in
797 3810 835 3865 Co
854 3816 879 3865 et
895 3811 934 3878 P)
1002 3813 1033 3864 17
1052 3811 1194 3878 uenerunt]
1213 3823 1300 3863 ome

174 3925 207 3978 18
221 3926 368 3993 egressum]
383 3926 492 3992 conam,
505 3941 626 3996 gressum
640 3924 719 3980 ROP
735 3941 842 3995 gressus
855 3926 882 3979 L
900 3892 928 3995 (c⁸
940 3942 983 3979 nm
997 3942 1018 3980 a.
1030 3924 1078 3994 L³)
1096 3926 1139 3980 Be
1177 3925 1209 3978 19
1223 3938 1299 3993 prce·

173 4011 261 4081 cedat]
280 4018 409 4083 speragata
427 4013 489 4067 Eua
506 4011 628 4083 πρότερον
647 4016 670 4066 Δ
749 4014 866 4068 illiacum
888 4013 938 4068 GP
1013 4014 1048 4068 20
1065 4012 1183 4067 non<e1>
1197 4011 1300 4066 conicio

172 4100 282 4169 litteris]
298 4100 453 4172 πραγμάτων
467 4099 657 4173 Δγραμμάτων
672 4101 712 4156 ed.
722 4118 767 4170 pr.
822 4104 854 4156 21
871 4103 1002 4170 quaedam
1017 4101 1127 4171 adiecit]
1143 4117 1175 4154 ec
1186 4099 1301 4155 Graecis

174 4188 235 4258 ὑπὲρ
254 4180 528 4259 ὧν...προστὲθεικεν
547 4189 705 4258 emendaui;
727 4190 841 4259 quodam
861 4190 965 4245 adiecto
984 4190 1060 4245 codd.
1081 4205 1097 4244 e
