<?xml version="1.0" encoding="UTF-8"?>
<!DOCTYPE html PUBLIC "-//W3C//DTD XHTML 1.0 Transitional//EN"
    "http://www.w3.org/TR/xhtml1/DTD/xhtml1-transitional.dtd">
<html xmlns="http://www.w3.org/1999/xhtml" xml:lang="en" lang="en">
 <head>
  <title>
</title>
<meta http-equiv="Content-Type" content="text/html;charset=utf-8" />
  <meta name='ocr-system' content='tesseract 3.04.00' />
  <meta name='ocr-capabilities' content='ocr_page ocr_carea ocr_par ocr_line ocrx_word'/>
</head>
<body>
  <div class='ocr_page' id='page_1' title='image "./flaviiiosephiop00boysgoog_0120.png"; bbox 0 0 3036 4756; ppageno 0'>
   <div class='ocr_carea' id='block_1_1' title="bbox 413 310 1311 381">
    <p class='ocr_par' dir='ltr' id='par_1_1' title="bbox 413 310 1311 381">
     <span class='ocr_line' id='line_1_1' title="bbox 413 310 1311 381; baseline 0.006 -16"><span class='ocrx_word' id='word_1_1' title='bbox 413 310 557 366; x_wconf 79' lang='lat' dir='ltr'>Contra</span> <span class='ocrx_word' id='word_1_2' title='bbox 582 311 767 381; x_wconf 84' lang='lat' dir='ltr'>Apionem</span> <span class='ocrx_word' id='word_1_3' title='bbox 791 311 964 367; x_wconf 75' lang='lat' dir='ltr'>Iaso—aar</span> <span class='ocrx_word' id='word_1_4' title='bbox 984 311 1091 377; x_wconf 68' lang='lat' dir='ltr'>(xxvl)</span> <span class='ocrx_word' id='word_1_5' title='bbox 1270 316 1311 378; x_wconf 84' lang='lat'>53</span> 
     </span>
    </p>
   </div>
   <div class='ocr_carea' id='block_1_2' title="bbox 141 501 1401 2064">
    <p class='ocr_par' dir='ltr' id='par_1_2' title="bbox 186 501 1401 904">
     <span class='ocr_line' id='line_1_2' title="bbox 186 501 1399 585; baseline -0.002 -19"><span class='ocrx_word' id='word_1_6' title='bbox 186 521 301 584; x_wconf 89' lang='lat' dir='ltr'>eosque</span> <span class='ocrx_word' id='word_1_7' title='bbox 324 502 363 567; x_wconf 94' lang='lat' dir='ltr'>ad</span> <span class='ocrx_word' id='word_1_8' title='bbox 382 503 536 568; x_wconf 82' lang='lat' dir='ltr'>sectiones</span> <span class='ocrx_word' id='word_1_9' title='bbox 555 503 694 584; x_wconf 90' lang='lat' dir='ltr'>lapidum</span> <span class='ocrx_word' id='word_1_10' title='bbox 715 503 745 566; x_wconf 91' lang='lat' dir='ltr'>in</span> <span class='ocrx_word' id='word_1_11' title='bbox 764 506 884 585; x_wconf 89' lang='lat' dir='ltr'>partem</span> <span class='ocrx_word' id='word_1_12' title='bbox 903 503 969 568; x_wconf 90' lang='lat' dir='ltr'><strong>Nili</strong></span> <span class='ocrx_word' id='word_1_13' title='bbox 988 505 1169 568; x_wconf 88' lang='lat' dir='ltr'>orientalem</span> <span class='ocrx_word' id='word_1_14' title='bbox 1189 506 1314 572; x_wconf 81' lang='lat' dir='ltr'>misisse</span> <span class='ocrx_word' id='word_1_15' title='bbox 1337 501 1399 567; x_wconf 78' lang='lat'>235</span> 
     </span>
     <span class='ocr_line' id='line_1_3' title="bbox 186 608 1315 694; baseline 0.002 -22"><span class='ocrx_word' id='word_1_16' title='bbox 186 608 225 672; x_wconf 92' lang='lat' dir='ltr'>ad</span> <span class='ocrx_word' id='word_1_17' title='bbox 247 608 305 672; x_wconf 91' lang='lat' dir='ltr'>hoc</span> <span class='ocrx_word' id='word_1_18' title='bbox 329 609 538 687; x_wconf 85' lang='lat' dir='ltr'>efficiendum,</span> <span class='ocrx_word' id='word_1_19' title='bbox 562 609 658 673; x_wconf 90' lang='lat' dir='ltr'>simul</span> <span class='ocrx_word' id='word_1_20' title='bbox 681 611 713 674; x_wconf 90' lang='lat' dir='ltr'>et</span> <span class='ocrx_word' id='word_1_21' title='bbox 735 609 814 673; x_wconf 90' lang='lat' dir='ltr'>alios</span> <span class='ocrx_word' id='word_1_22' title='bbox 833 608 1019 694; x_wconf 84' lang='lat' dir='ltr'>Aegyptios,</span> <span class='ocrx_word' id='word_1_23' title='bbox 1038 610 1153 691; x_wconf 91' lang='lat' dir='ltr'>quibus</span> <span class='ocrx_word' id='word_1_24' title='bbox 1172 612 1231 676; x_wconf 91' lang='lat' dir='ltr'>hoc</span> <span class='ocrx_word' id='word_1_25' title='bbox 1250 614 1315 675; x_wconf 86' lang='lat' dir='ltr'>erat</span> 
     </span>
     <span class='ocr_line' id='line_1_4' title="bbox 186 712 1313 796; baseline 0.004 -21"><span class='ocrx_word' id='word_1_26' title='bbox 186 712 367 778; x_wconf 87' lang='lat' dir='ltr'>iniunctum.</span> <span class='ocrx_word' id='word_1_27' title='bbox 386 714 485 778; x_wconf 86' lang='lat' dir='ltr'>fuisse</span> <span class='ocrx_word' id='word_1_28' title='bbox 501 718 605 778; x_wconf 91' lang='lat' dir='ltr'>autem</span> <span class='ocrx_word' id='word_1_29' title='bbox 626 713 778 796; x_wconf 89' lang='lat' dir='ltr'>quosdam</span> <span class='ocrx_word' id='word_1_30' title='bbox 796 714 878 779; x_wconf 87' lang='lat' dir='ltr'>inter</span> <span class='ocrx_word' id='word_1_31' title='bbox 896 733 949 779; x_wconf 94' lang='lat' dir='ltr'>eos</span> <span class='ocrx_word' id='word_1_32' title='bbox 970 715 1063 779; x_wconf 88' lang='lat' dir='ltr'>etiam</span> <span class='ocrx_word' id='word_1_33' title='bbox 1082 717 1313 781; x_wconf 81' lang='lat' dir='ltr'><strong>rationabilium</strong></span> 
     </span>
     <span class='ocr_line' id='line_1_5' title="bbox 186 817 1401 904; baseline -0.002 -23"><span class='ocrx_word' id='word_1_34' title='bbox 186 818 382 883; x_wconf 81' lang='lat' dir='ltr'>sacerdotum</span> <span class='ocrx_word' id='word_1_35' title='bbox 409 821 495 903; x_wconf 87' lang='lat' dir='ltr'>lepra</span> <span class='ocrx_word' id='word_1_36' title='bbox 521 819 663 901; x_wconf 82' lang='lat' dir='ltr'>perfusos</span> <span class='ocrx_word' id='word_1_37' title='bbox 692 819 746 884; x_wconf 89' lang='lat' dir='ltr'>ait.</span> <span class='ocrx_word' id='word_1_38' title='bbox 778 820 941 885; x_wconf 82' lang='lat' dir='ltr'>Amenoiin</span> <span class='ocrx_word' id='word_1_39' title='bbox 969 840 1044 885; x_wconf 90' lang='lat' dir='ltr'>uero</span> <span class='ocrx_word' id='word_1_40' title='bbox 1072 822 1163 885; x_wconf 89' lang='lat' dir='ltr'>iilum</span> <span class='ocrx_word' id='word_1_41' title='bbox 1196 822 1315 904; x_wconf 90' lang='lat' dir='ltr'>sapien·</span> <span class='ocrx_word' id='word_1_42' title='bbox 1337 817 1401 881; x_wconf 88' lang='grc'>236</span> 
     </span>
    </p>

    <p class='ocr_par' dir='ltr' id='par_1_3' title="bbox 154 924 1316 1430">
     <span class='ocr_line' id='line_1_6' title="bbox 154 924 1314 1008; baseline 0.003 -22"><span class='ocrx_word' id='word_1_43' title='bbox 154 927 249 988; x_wconf 71' lang='lat' dir='ltr'>snm</span> <span class='ocrx_word' id='word_1_44' title='bbox 281 924 486 1008; x_wconf 85' lang='lat' dir='ltr'>diuinumque</span> <span class='ocrx_word' id='word_1_45' title='bbox 515 926 619 989; x_wconf 90' lang='lat' dir='ltr'>uirum</span> <span class='ocrx_word' id='word_1_46' title='bbox 643 926 737 990; x_wconf 79' lang='lat' dir='ltr'>refert</span> <span class='ocrx_word' id='word_1_47' title='bbox 759 926 903 990; x_wconf 87' lang='lat' dir='ltr'>timuisse</span> <span class='ocrx_word' id='word_1_48' title='bbox 928 931 960 991; x_wconf 91' lang='lat' dir='ltr'>et</span> <span class='ocrx_word' id='word_1_49' title='bbox 982 927 1064 991; x_wconf 90' lang='lat' dir='ltr'>circa</span> <span class='ocrx_word' id='word_1_50' title='bbox 1087 929 1189 991; x_wconf 90' lang='lat' dir='ltr'>semet</span> <span class='ocrx_word' id='word_1_51' title='bbox 1209 925 1314 1008; x_wconf 88' lang='lat' dir='ltr'>ipsum</span> 
     </span>
     <span class='ocr_line' id='line_1_7' title="bbox 186 1030 1316 1115; baseline 0.001 -22"><span class='ocrx_word' id='word_1_52' title='bbox 186 1030 218 1093; x_wconf 89' lang='lat' dir='ltr'>et</span> <span class='ocrx_word' id='word_1_53' title='bbox 240 1030 324 1111; x_wconf 91' lang='lat' dir='ltr'>apud</span> <span class='ocrx_word' id='word_1_54' title='bbox 345 1050 451 1115; x_wconf 87' lang='lat' dir='ltr'>regem</span> <span class='ocrx_word' id='word_1_55' title='bbox 474 1032 603 1096; x_wconf 89' lang='lat' dir='ltr'>deorum</span> <span class='ocrx_word' id='word_1_56' title='bbox 623 1031 809 1107; x_wconf 87' lang='lat' dir='ltr'>Vulcanum,</span> <span class='ocrx_word' id='word_1_57' title='bbox 829 1034 866 1095; x_wconf 91' lang='lat' dir='ltr'>ut</span> <span class='ocrx_word' id='word_1_58' title='bbox 888 1035 992 1114; x_wconf 90' lang='lat' dir='ltr'>aperte</span> <span class='ocrx_word' id='word_1_59' title='bbox 1016 1033 1162 1097; x_wconf 84' lang='lat' dir='ltr'>suaderet</span> <span class='ocrx_word' id='word_1_60' title='bbox 1185 1033 1230 1097; x_wconf 92' lang='lat' dir='ltr'>eis</span> <span class='ocrx_word' id='word_1_61' title='bbox 1249 1031 1316 1095; x_wconf 91' lang='lat' dir='ltr'>uim</span> 
     </span>
     <span class='ocr_line' id='line_1_8' title="bbox 185 1133 1315 1227; baseline 0.001 -30"><span class='ocrx_word' id='word_1_62' title='bbox 185 1133 262 1227; x_wconf 86' lang='lat' dir='ltr'>fieri,</span> <span class='ocrx_word' id='word_1_63' title='bbox 300 1136 354 1199; x_wconf 93' lang='lat' dir='ltr'>sed</span> <span class='ocrx_word' id='word_1_64' title='bbox 386 1136 548 1214; x_wconf 86' lang='lat' dir='ltr'>adiecisse,</span> <span class='ocrx_word' id='word_1_65' title='bbox 572 1137 719 1218; x_wconf 90' lang='lat' dir='ltr'>quoniam</span> <span class='ocrx_word' id='word_1_66' title='bbox 743 1138 964 1202; x_wconf 85' lang='lat' dir='ltr'>auxiliarentur</span> <span class='ocrx_word' id='word_1_67' title='bbox 995 1138 1121 1220; x_wconf 90' lang='lat' dir='ltr'>quidam</span> <span class='ocrx_word' id='word_1_68' title='bbox 1149 1137 1315 1202; x_wconf 85' lang='lat' dir='ltr'>maculatis</span> 
     </span>
     <span class='ocr_line' id='line_1_9' title="bbox 186 1239 1315 1325; baseline 0.003 -24"><span class='ocrx_word' id='word_1_69' title='bbox 186 1239 365 1305; x_wconf 88' lang='lat' dir='ltr'>hominibus</span> <span class='ocrx_word' id='word_1_70' title='bbox 393 1245 425 1306; x_wconf 92' lang='lat' dir='ltr'>et</span> <span class='ocrx_word' id='word_1_71' title='bbox 451 1244 631 1325; x_wconf 81' lang='lat' dir='ltr'>Aegyptum</span> <span class='ocrx_word' id='word_1_72' title='bbox 659 1243 836 1323; x_wconf 83' lang='lat' dir='ltr'>optinerent</span> <span class='ocrx_word' id='word_1_73' title='bbox 862 1242 1013 1306; x_wconf 82' lang='lat' dir='ltr'>tredecim</span> <span class='ocrx_word' id='word_1_74' title='bbox 1045 1243 1143 1307; x_wconf 89' lang='lat' dir='ltr'>anuis.</span> <span class='ocrx_word' id='word_1_75' title='bbox 1176 1246 1208 1307; x_wconf 88' lang='lat' dir='ltr'>et</span> <span class='ocrx_word' id='word_1_76' title='bbox 1238 1242 1315 1305; x_wconf 90' lang='lat' dir='ltr'>haec</span> 
     </span>
     <span class='ocr_line' id='line_1_10' title="bbox 185 1346 1316 1430; baseline 0.001 -22"><span class='ocrx_word' id='word_1_77' title='bbox 185 1363 257 1408; x_wconf 88' lang='lat' dir='ltr'>eum</span> <span class='ocrx_word' id='word_1_78' title='bbox 281 1365 339 1409; x_wconf 87' lang='lat' dir='ltr'>non</span> <span class='ocrx_word' id='word_1_79' title='bbox 364 1347 488 1428; x_wconf 89' lang='lat' dir='ltr'>quidem</span> <span class='ocrx_word' id='word_1_80' title='bbox 513 1347 763 1430; x_wconf 86' lang='lat' dir='ltr'>praesumpsisse</span> <span class='ocrx_word' id='word_1_81' title='bbox 786 1349 852 1430; x_wconf 85' lang='lat' dir='ltr'>regi</span> <span class='ocrx_word' id='word_1_82' title='bbox 877 1347 990 1426; x_wconf 87' lang='lat' dir='ltr'>dicere,</span> <span class='ocrx_word' id='word_1_83' title='bbox 1015 1348 1069 1412; x_wconf 90' lang='lat' dir='ltr'>sed</span> <span class='ocrx_word' id='word_1_84' title='bbox 1093 1368 1128 1412; x_wconf 84' lang='lat' dir='ltr'>er</span> <span class='ocrx_word' id='word_1_85' title='bbox 1149 1348 1199 1413; x_wconf 91' lang='lat' dir='ltr'>his</span> <span class='ocrx_word' id='word_1_86' title='bbox 1219 1346 1316 1411; x_wconf 92' lang='lat' dir='ltr'>omni·</span> 
     </span>
    </p>

    <p class='ocr_par' dir='ltr' id='par_1_4' title="bbox 141 1451 1401 1958">
     <span class='ocr_line' id='line_1_11' title="bbox 141 1451 1315 1537; baseline 0.003 -23"><span class='ocrx_word' id='word_1_87' title='bbox 141 1462 167 1503; x_wconf 87' lang='lat'>¹⁰</span> <span class='ocrx_word' id='word_1_88' title='bbox 184 1451 244 1514; x_wconf 89' lang='lat' dir='ltr'>bus</span> <span class='ocrx_word' id='word_1_89' title='bbox 274 1453 485 1533; x_wconf 88' lang='lat' dir='ltr'>conscriptum</span> <span class='ocrx_word' id='word_1_90' title='bbox 509 1452 673 1534; x_wconf 88' lang='lat' dir='ltr'>reliquisse</span> <span class='ocrx_word' id='word_1_91' title='bbox 697 1453 812 1517; x_wconf 88' lang='lat' dir='ltr'>librum</span> <span class='ocrx_word' id='word_1_92' title='bbox 837 1457 869 1518; x_wconf 90' lang='lat' dir='ltr'>et</span> <span class='ocrx_word' id='word_1_93' title='bbox 890 1455 1061 1537; x_wconf 88' lang='lat' dir='ltr'>peremisse</span> <span class='ocrx_word' id='word_1_94' title='bbox 1084 1454 1315 1535; x_wconf 87' lang='lat' dir='ltr'>semetipsum,</span> 
     </span>
     <span class='ocr_line' id='line_1_12' title="bbox 186 1553 1401 1642; baseline -0.003 -22"><span class='ocrx_word' id='word_1_95' title='bbox 186 1561 217 1620; x_wconf 85' lang='lat' dir='ltr'>et</span> <span class='ocrx_word' id='word_1_96' title='bbox 240 1560 403 1639; x_wconf 89' lang='lat' dir='ltr'>propterea</span> <span class='ocrx_word' id='word_1_97' title='bbox 424 1577 530 1642; x_wconf 83' lang='lat' dir='ltr'>regem</span> <span class='ocrx_word' id='word_1_98' title='bbox 552 1558 583 1621; x_wconf 92' lang='lat' dir='ltr'>in</span> <span class='ocrx_word' id='word_1_99' title='bbox 615 1559 801 1623; x_wconf 82' lang='lat' dir='ltr'>auxietatem</span> <span class='ocrx_word' id='word_1_100' title='bbox 833 1559 998 1624; x_wconf 81' lang='lat' dir='ltr'>maximam</span> <span class='ocrx_word' id='word_1_101' title='bbox 1026 1560 1216 1641; x_wconf 90' lang='lat' dir='ltr'>peruenisse.</span> <span class='ocrx_word' id='word_1_102' title='bbox 1247 1578 1316 1642; x_wconf 92' lang='lat' dir='ltr'>pro·</span> <span class='ocrx_word' id='word_1_103' title='bbox 1339 1553 1401 1618; x_wconf 89' lang='grc'>237</span> 
     </span>
     <span class='ocr_line' id='line_1_13' title="bbox 184 1661 1316 1748; baseline 0.002 -23"><span class='ocrx_word' id='word_1_104' title='bbox 184 1662 255 1726; x_wconf 90' lang='lat' dir='ltr'>iude</span> <span class='ocrx_word' id='word_1_105' title='bbox 278 1661 305 1726; x_wconf 94' lang='lat' dir='ltr'>is</span> <span class='ocrx_word' id='word_1_106' title='bbox 329 1663 378 1727; x_wconf 87' lang='lat' dir='ltr'>his</span> <span class='ocrx_word' id='word_1_107' title='bbox 402 1664 506 1728; x_wconf 89' lang='lat' dir='ltr'>uerbis</span> <span class='ocrx_word' id='word_1_108' title='bbox 530 1663 606 1728; x_wconf 90' lang='lat' dir='ltr'>haec</span> <span class='ocrx_word' id='word_1_109' title='bbox 629 1665 736 1728; x_wconf 86' lang='lat' dir='ltr'>reiert:</span> <span class='ocrx_word' id='word_1_110' title='bbox 765 1665 842 1740; x_wconf 84' lang='lat' dir='ltr'>„His</span> <span class='ocrx_word' id='word_1_111' title='bbox 864 1665 971 1747; x_wconf 84' lang='lat' dir='ltr'>itaque</span> <span class='ocrx_word' id='word_1_112' title='bbox 989 1702 1033 1733; x_wconf 63' lang='grc' dir='ltr'>εει</span> <span class='ocrx_word' id='word_1_113' title='bbox 1051 1669 1182 1748; x_wconf 87' lang='lat' dir='ltr'>rogatus</span> <span class='ocrx_word' id='word_1_114' title='bbox 1200 1684 1261 1742; x_wconf 84' lang='lat' dir='ltr'>rex,</span> <span class='ocrx_word' id='word_1_115' title='bbox 1280 1667 1316 1728; x_wconf 89' lang='lat' dir='ltr'>ut</span> 
     </span>
     <span class='ocr_line' id='line_1_14' title="bbox 186 1768 1315 1849; baseline 0.001 -18"><span class='ocrx_word' id='word_1_116' title='bbox 186 1768 225 1832; x_wconf 94' lang='lat' dir='ltr'>ad</span> <span class='ocrx_word' id='word_1_117' title='bbox 246 1769 386 1849; x_wconf 89' lang='lat' dir='ltr'>requiem</span> <span class='ocrx_word' id='word_1_118' title='bbox 410 1775 441 1833; x_wconf 91' lang='lat' dir='ltr'>et</span> <span class='ocrx_word' id='word_1_119' title='bbox 464 1773 605 1834; x_wconf 89' lang='lat' dir='ltr'>tutamen</span> <span class='ocrx_word' id='word_1_120' title='bbox 630 1789 737 1834; x_wconf 87' lang='lat' dir='ltr'>eorum</span> <span class='ocrx_word' id='word_1_121' title='bbox 760 1773 934 1835; x_wconf 86' lang='lat' dir='ltr'>secemeret</span> <span class='ocrx_word' id='word_1_122' title='bbox 964 1771 1137 1847; x_wconf 76' lang='lat' dir='ltr'>ciuitatem,</span> <span class='ocrx_word' id='word_1_123' title='bbox 1160 1770 1315 1834; x_wconf 83' lang='lat' dir='ltr'>desertam</span> 
     </span>
     <span class='ocr_line' id='line_1_15' title="bbox 185 1874 1317 1958; baseline 0.002 -22"><span class='ocrx_word' id='word_1_124' title='bbox 185 1874 304 1951; x_wconf 86' lang='lat' dir='ltr'>urbem,</span> <span class='ocrx_word' id='word_1_125' title='bbox 333 1893 413 1956; x_wconf 88' lang='lat' dir='ltr'>quae</span> <span class='ocrx_word' id='word_1_126' title='bbox 440 1878 516 1938; x_wconf 87' lang='lat' dir='ltr'>tunc</span> <span class='ocrx_word' id='word_1_127' title='bbox 544 1876 647 1939; x_wconf 86' lang='lat' dir='ltr'>fuerat</span> <span class='ocrx_word' id='word_1_128' title='bbox 672 1881 845 1958; x_wconf 83' lang='lat' dir='ltr'>pastorum,</span> <span class='ocrx_word' id='word_1_129' title='bbox 874 1876 999 1940; x_wconf 86' lang='lat' dir='ltr'>nomine</span> <span class='ocrx_word' id='word_1_130' title='bbox 1021 1876 1147 1952; x_wconf 82' lang='lat' dir='ltr'>Aueria,</span> <span class='ocrx_word' id='word_1_131' title='bbox 1172 1875 1317 1957; x_wconf 89' lang='lat' dir='ltr'>praebuit</span> 
     </span>
    </p>

    <p class='ocr_par' dir='ltr' id='par_1_5' title="bbox 142 1978 1315 2064">
     <span class='ocr_line' id='line_1_16' title="bbox 142 1978 1315 2064; baseline 0.002 -22"><span class='ocrx_word' id='word_1_132' title='bbox 142 1992 167 2030; x_wconf 83' lang='lat'>¹⁵</span> <span class='ocrx_word' id='word_1_133' title='bbox 186 1978 242 2042; x_wconf 89' lang='lat' dir='ltr'>eis.</span> <span class='ocrx_word' id='word_1_134' title='bbox 275 1983 325 2043; x_wconf 91' lang='lat' dir='ltr'>est</span> <span class='ocrx_word' id='word_1_135' title='bbox 356 1983 462 2043; x_wconf 89' lang='lat' dir='ltr'>autem</span> <span class='ocrx_word' id='word_1_136' title='bbox 495 1980 572 2045; x_wconf 87' lang='lat' dir='ltr'>haec</span> <span class='ocrx_word' id='word_1_137' title='bbox 603 1980 716 2045; x_wconf 85' lang='lat' dir='ltr'>ciuitas</span> <span class='ocrx_word' id='word_1_138' title='bbox 754 1982 925 2046; x_wconf 91' lang='lat' dir='ltr'>secundum</span> <span class='ocrx_word' id='word_1_139' title='bbox 962 1981 1152 2064; x_wconf 82' lang='lat' dir='ltr'>theologiam</span> <span class='ocrx_word' id='word_1_140' title='bbox 1189 1983 1315 2062; x_wconf 88' lang='lat' dir='ltr'>antiqua</span> 
     </span>
    </p>
   </div>
   <div class='ocr_carea' id='block_1_3' title="bbox 275 2246 692 2317">
    <p class='ocr_par' dir='ltr' id='par_1_6' title="bbox 275 2246 692 2317">
     <span class='ocr_line' id='line_1_17' title="bbox 275 2246 692 2317; baseline 0.005 -18"><span class='ocrx_word' id='word_1_141' title='bbox 275 2246 692 2317; x_wconf 55' lang='lat' dir='ltr'>mama-amm</span> 
     </span>
    </p>
   </div>
   <div class='ocr_carea' id='block_1_4' title="bbox 187 2425 1319 4269">
    <p class='ocr_par' dir='ltr' id='par_1_7' title="bbox 187 2425 1319 3119">
     <span class='ocr_line' id='line_1_18' title="bbox 187 2425 1317 2509; baseline 0 -18"><span class='ocrx_word' id='word_1_142' title='bbox 187 2425 285 2491; x_wconf 61' lang='lat' dir='ltr'>LXXX</span> <span class='ocrx_word' id='word_1_143' title='bbox 299 2439 428 2504; x_wconf 78' lang='lat' dir='ltr'>scripturn</span> <span class='ocrx_word' id='word_1_144' title='bbox 446 2439 478 2491; x_wconf 81' lang='lat' dir='ltr'>e&#39;n</span> <span class='ocrx_word' id='word_1_145' title='bbox 497 2438 643 2507; x_wconf 72' lang='lat' dir='ltr'>archetypo</span> <span class='ocrx_word' id='word_1_146' title='bbox 660 2438 746 2504; x_wconf 78' lang='lat' dir='ltr'>fnisse</span> <span class='ocrx_word' id='word_1_147' title='bbox 764 2438 901 2501; x_wconf 81' lang='lat' dir='ltr'>iudicans,</span> <span class='ocrx_word' id='word_1_148' title='bbox 920 2436 1045 2509; x_wconf 73' lang='grc' dir='ltr'>μυριάδας</span> <span class='ocrx_word' id='word_1_149' title='bbox 1069 2437 1136 2490; x_wconf 75' lang='grc' dir='ltr'>ὀκτώ</span> <span class='ocrx_word' id='word_1_150' title='bbox 1242 2438 1317 2492; x_wconf 87' lang='lat' dir='ltr'>milia</span> 
     </span>
     <span class='ocr_line' id='line_1_19' title="bbox 187 2525 1319 2596; baseline -0.002 -14"><span class='ocrx_word' id='word_1_151' title='bbox 187 2542 237 2582; x_wconf 87' lang='lat' dir='ltr'>om.</span> <span class='ocrx_word' id='word_1_152' title='bbox 256 2525 377 2580; x_wconf 81' lang='lat' dir='ltr'>LBOPe</span> <span class='ocrx_word' id='word_1_153' title='bbox 473 2526 547 2580; x_wconf 86' lang='lat' dir='ltr'>mille</span> <span class='ocrx_word' id='word_1_154' title='bbox 565 2526 640 2580; x_wconf 86' lang='lat' dir='ltr'>milia</span> <span class='ocrx_word' id='word_1_155' title='bbox 657 2543 766 2580; x_wconf 88' lang='lat' dir='ltr'>numero</span> <span class='ocrx_word' id='word_1_156' title='bbox 786 2530 814 2581; x_wconf 89' lang='lat' dir='ltr'>et</span> <span class='ocrx_word' id='word_1_157' title='bbox 832 2527 987 2596; x_wconf 84' lang='lat' dir='ltr'>octuaginta</span> <span class='ocrx_word' id='word_1_158' title='bbox 1005 2527 1032 2582; x_wconf 87' lang='lat' dir='ltr'><em>R</em></span> <span class='ocrx_word' id='word_1_159' title='bbox 1138 2527 1276 2596; x_wconf 78' lang='lat' dir='ltr'>octoginta</span> <span class='ocrx_word' id='word_1_160' title='bbox 1296 2526 1319 2580; x_wconf 82' lang='lat' dir='ltr'><em>C</em></span> 
     </span>
     <span class='ocr_line' id='line_1_20' title="bbox 189 2613 1317 2683; baseline 0 -17"><span class='ocrx_word' id='word_1_161' title='bbox 189 2615 201 2667; x_wconf 87' lang='lat'>1</span> <span class='ocrx_word' id='word_1_162' title='bbox 222 2613 352 2667; x_wconf 87' lang='lat' dir='ltr'>lectiones</span> <span class='ocrx_word' id='word_1_163' title='bbox 370 2614 397 2666; x_wconf 91' lang='lat' dir='ltr'><em>B</em></span> <span class='ocrx_word' id='word_1_164' title='bbox 415 2614 549 2667; x_wconf 84' lang='lat' dir='ltr'>sertioues</span> <span class='ocrx_word' id='word_1_165' title='bbox 567 2613 594 2666; x_wconf 96' lang='lat' dir='ltr'><strong><em>P</em></strong></span> <span class='ocrx_word' id='word_1_166' title='bbox 703 2615 774 2668; x_wconf 80' lang='lat' dir='ltr'>inter</span> <span class='ocrx_word' id='word_1_167' title='bbox 794 2616 926 2669; x_wconf 87' lang='lat' dir='ltr'>sectiones</span> <span class='ocrx_word' id='word_1_168' title='bbox 945 2620 970 2667; x_wconf 86' lang='lat' dir='ltr'>et</span> <span class='ocrx_word' id='word_1_169' title='bbox 987 2614 1107 2683; x_wconf 87' lang='lat' dir='ltr'>lapidum</span> <span class='ocrx_word' id='word_1_170' title='bbox 1124 2614 1245 2683; x_wconf 79' lang='lat' dir='ltr'>spatium</span> <span class='ocrx_word' id='word_1_171' title='bbox 1257 2613 1317 2680; x_wconf 80' lang='lat' dir='ltr'>sere</span> 
     </span>
     <span class='ocr_line' id='line_1_21' title="bbox 188 2700 1316 2769; baseline -0.001 -16"><span class='ocrx_word' id='word_1_172' title='bbox 188 2701 270 2754; x_wconf 82' lang='lat' dir='ltr'>triam</span> <span class='ocrx_word' id='word_1_173' title='bbox 289 2700 443 2755; x_wconf 75' lang='lat' dir='ltr'>litterarum</span> <span class='ocrx_word' id='word_1_174' title='bbox 463 2716 584 2754; x_wconf 79' lang='grc' dir='ltr'>οοοιιεινι</span> <span class='ocrx_word' id='word_1_175' title='bbox 604 2701 727 2754; x_wconf 81' lang='lat' dir='ltr'>relictum</span> <span class='ocrx_word' id='word_1_176' title='bbox 745 2703 831 2755; x_wconf 79' lang='lat' dir='ltr'>estin</span> <span class='ocrx_word' id='word_1_177' title='bbox 848 2701 875 2754; x_wconf 86' lang='lat' dir='ltr'><strong><em>L</em></strong></span> <span class='ocrx_word' id='word_1_178' title='bbox 944 2703 961 2755; x_wconf 89' lang='grc'>2</span> <span class='ocrx_word' id='word_1_179' title='bbox 986 2701 1019 2755; x_wconf 93' lang='lat' dir='ltr'>ad</span> <span class='ocrx_word' id='word_1_180' title='bbox 1037 2701 1140 2755; x_wconf 87' lang='lat' dir='ltr'>hoc—3</span> <span class='ocrx_word' id='word_1_181' title='bbox 1159 2700 1316 2769; x_wconf 86' lang='lat' dir='ltr'>iniunctum]</span> 
     </span>
     <span class='ocr_line' id='line_1_22' title="bbox 188 2783 1318 2859; baseline 0 -21"><span class='ocrx_word' id='word_1_182' title='bbox 188 2786 259 2848; x_wconf 69' lang='grc' dir='ltr'>ὅπως</span> <span class='ocrx_word' id='word_1_183' title='bbox 282 2785 427 2858; x_wconf 73' lang='grc' dir='ltr'>ἐργάζοιντο</span> <span class='ocrx_word' id='word_1_184' title='bbox 449 2786 494 2838; x_wconf 76' lang='grc' dir='ltr'>καί</span> <span class='ocrx_word' id='word_1_185' title='bbox 514 2794 565 2840; x_wconf 81' lang='grc' dir='ltr'>τῶν</span> <span class='ocrx_word' id='word_1_186' title='bbox 585 2783 671 2838; x_wconf 78' lang='grc' dir='ltr'>ἄλλων</span> <span class='ocrx_word' id='word_1_187' title='bbox 689 2785 834 2858; x_wconf 65' lang='grc' dir='ltr'>Αἰγυπτίων</span> <span class='ocrx_word' id='word_1_188' title='bbox 853 2786 877 2840; x_wconf 87' lang='grc' dir='ltr'>οί</span> <span class='ocrx_word' id='word_1_189' title='bbox 896 2787 1108 2859; x_wconf 71' lang='grc' dir='ltr'>ἐγκεχωριομίνοι</span> <span class='ocrx_word' id='word_1_190' title='bbox 1126 2788 1148 2840; x_wconf 82' lang='grc' dir='ltr'>Λ</span> <span class='ocrx_word' id='word_1_191' title='bbox 1167 2792 1318 2855; x_wconf 77' lang='lat' dir='ltr'>quaesunt</span> 
     </span>
     <span class='ocr_line' id='line_1_23' title="bbox 188 2873 1319 2948; baseline -0.001 -21"><span class='ocrx_word' id='word_1_192' title='bbox 188 2880 318 2941; x_wconf 79' lang='lat' dir='ltr'>corrupto</span> <span class='ocrx_word' id='word_1_193' title='bbox 380 2875 441 2944; x_wconf 85' lang='lat' dir='ltr'>hoc]</span> <span class='ocrx_word' id='word_1_194' title='bbox 461 2873 512 2926; x_wconf 89' lang='lat' dir='ltr'>hoc</span> <span class='ocrx_word' id='word_1_195' title='bbox 529 2889 586 2926; x_wconf 90' lang='lat' dir='ltr'>esse</span> <span class='ocrx_word' id='word_1_196' title='bbox 600 2873 699 2929; x_wconf 86' lang='lat' dir='ltr'>LBRo</span> <span class='ocrx_word' id='word_1_197' title='bbox 753 2874 841 2943; x_wconf 89' lang='lat' dir='ltr'>simul]</span> <span class='ocrx_word' id='word_1_198' title='bbox 857 2875 936 2928; x_wconf 90' lang='lat' dir='ltr'>simul</span> <span class='ocrx_word' id='word_1_199' title='bbox 949 2875 1062 2948; x_wconf 82' lang='lat' dir='ltr'>immisit</span> <span class='ocrx_word' id='word_1_200' title='bbox 1078 2874 1101 2927; x_wconf 80' lang='lat'><em>0</em></span> <span class='ocrx_word' id='word_1_201' title='bbox 1113 2874 1193 2928; x_wconf 88' lang='lat' dir='ltr'>simul</span> <span class='ocrx_word' id='word_1_202' title='bbox 1205 2876 1279 2927; x_wconf 86' lang='lat' dir='ltr'>misit</span> <span class='ocrx_word' id='word_1_203' title='bbox 1293 2874 1319 2926; x_wconf 94' lang='lat' dir='ltr'><strong><em>P</em></strong></span> 
     </span>
     <span class='ocr_line' id='line_1_24' title="bbox 188 2961 1317 3032; baseline 0 -17"><span class='ocrx_word' id='word_1_204' title='bbox 188 2962 205 3016; x_wconf 87' lang='grc'>3</span> <span class='ocrx_word' id='word_1_205' title='bbox 224 2963 324 3030; x_wconf 86' lang='lat' dir='ltr'>autem]</span> <span class='ocrx_word' id='word_1_206' title='bbox 344 2965 434 3015; x_wconf 89' lang='lat' dir='ltr'>autem</span> <span class='ocrx_word' id='word_1_207' title='bbox 452 2962 523 3015; x_wconf 87' lang='lat' dir='ltr'>inter</span> <span class='ocrx_word' id='word_1_208' title='bbox 541 2962 622 3030; x_wconf 88' lang='lat' dir='ltr'>(iuter</span> <span class='ocrx_word' id='word_1_209' title='bbox 640 2977 702 3016; x_wconf 76' lang='lat' dir='ltr'>moa</span> <span class='ocrx_word' id='word_1_210' title='bbox 720 2961 829 3032; x_wconf 79' lang='lat' dir='ltr'>delenit)</span> <span class='ocrx_word' id='word_1_211' title='bbox 847 2963 874 3015; x_wconf 94' lang='lat' dir='ltr'><strong><em>P</em></strong></span> <span class='ocrx_word' id='word_1_212' title='bbox 947 2962 1159 3031; x_wconf 87' lang='lat' dir='ltr'>rationabilium]</span> <span class='ocrx_word' id='word_1_213' title='bbox 1178 2963 1317 3017; x_wconf 88' lang='lat' dir='ltr'>irrationa-</span> 
     </span>
     <span class='ocr_line' id='line_1_25' title="bbox 188 3047 1318 3119; baseline 0 -15"><span class='ocrx_word' id='word_1_214' title='bbox 188 3051 283 3104; x_wconf 91' lang='lat' dir='ltr'>bilium</span> <span class='ocrx_word' id='word_1_215' title='bbox 301 3050 329 3104; x_wconf 83' lang='lat' dir='ltr'><em>R</em></span> <span class='ocrx_word' id='word_1_216' title='bbox 346 3047 439 3119; x_wconf 77' lang='grc' dir='ltr'>λογίων</span> <span class='ocrx_word' id='word_1_217' title='bbox 506 3050 661 3119; x_wconf 76' lang='grc' dir='ltr'>41ορῐοΒ</span> <span class='ocrx_word' id='word_1_218' title='bbox 740 3049 814 3103; x_wconf 85' lang='lat' dir='ltr'>fusos</span> <span class='ocrx_word' id='word_1_219' title='bbox 832 3050 860 3102; x_wconf 93' lang='lat' dir='ltr'><em>B</em></span> <span class='ocrx_word' id='word_1_220' title='bbox 877 3049 1012 3119; x_wconf 84' lang='lat' dir='ltr'>perfossos</span> <span class='ocrx_word' id='word_1_221' title='bbox 1029 3051 1057 3106; x_wconf 82' lang='lat' dir='ltr'><em>R</em></span> <span class='ocrx_word' id='word_1_222' title='bbox 1137 3051 1272 3104; x_wconf 89' lang='lat' dir='ltr'>amcnosin</span> <span class='ocrx_word' id='word_1_223' title='bbox 1292 3051 1318 3104; x_wconf 77' lang='lat' dir='ltr'>le</span> 
     </span>
    </p>

    <p class='ocr_par' dir='ltr' id='par_1_8' title="bbox 188 3137 1319 4269">
     <span class='ocr_line' id='line_1_26' title="bbox 223 3137 1318 3207; baseline 0.002 -17"><span class='ocrx_word' id='word_1_224' title='bbox 223 3137 297 3206; x_wconf 83' lang='lat' dir='ltr'>nero]</span> <span class='ocrx_word' id='word_1_225' title='bbox 317 3153 367 3191; x_wconf 85' lang='lat' dir='ltr'>om.</span> <span class='ocrx_word' id='word_1_226' title='bbox 380 3138 408 3192; x_wconf 83' lang='lat' dir='ltr'><em>R</em></span> <span class='ocrx_word' id='word_1_227' title='bbox 461 3140 477 3190; x_wconf 80' lang='lat'><strong>5</strong></span> <span class='ocrx_word' id='word_1_228' title='bbox 497 3138 671 3191; x_wconf 87' lang='lat' dir='ltr'>timuisse-6</span> <span class='ocrx_word' id='word_1_229' title='bbox 690 3137 744 3191; x_wconf 83' lang='lat' dir='ltr'>uiro</span> <span class='ocrx_word' id='word_1_230' title='bbox 763 3138 832 3207; x_wconf 88' lang='lat' dir='ltr'>fieri]</span> <span class='ocrx_word' id='word_1_231' title='bbox 854 3138 964 3192; x_wconf 84' lang='lat' dir='ltr'>Graeca</span> <span class='ocrx_word' id='word_1_232' title='bbox 976 3155 1093 3206; x_wconf 83' lang='lat' dir='ltr'>prorsas</span> <span class='ocrx_word' id='word_1_233' title='bbox 1110 3155 1168 3192; x_wconf 90' lang='lat' dir='ltr'>non</span> <span class='ocrx_word' id='word_1_234' title='bbox 1185 3139 1318 3192; x_wconf 71' lang='lat' dir='ltr'>intellexit</span> 
     </span>
     <span class='ocr_line' id='line_1_27' title="bbox 188 3218 1317 3296; baseline -0.003 -16"><span class='ocrx_word' id='word_1_235' title='bbox 188 3228 320 3294; x_wconf 74' lang='lat' dir='ltr'>interpres</span> <span class='ocrx_word' id='word_1_236' title='bbox 381 3228 397 3279; x_wconf 87' lang='lat'>6</span> <span class='ocrx_word' id='word_1_237' title='bbox 417 3229 444 3279; x_wconf 86' lang='lat' dir='ltr'>et</span> <span class='ocrx_word' id='word_1_238' title='bbox 463 3224 534 3295; x_wconf 91' lang='lat' dir='ltr'>apud</span> <span class='ocrx_word' id='word_1_239' title='bbox 552 3242 642 3294; x_wconf 81' lang='lat' dir='ltr'>regem</span> <span class='ocrx_word' id='word_1_240' title='bbox 662 3224 770 3279; x_wconf 89' lang='lat' dir='ltr'>deorum</span> <span class='ocrx_word' id='word_1_241' title='bbox 788 3226 947 3295; x_wconf 85' lang='lat' dir='ltr'>Vulcanum]</span> <span class='ocrx_word' id='word_1_242' title='bbox 968 3228 1042 3296; x_wconf 78' lang='grc' dir='ltr'>(πρὸς</span> <span class='ocrx_word' id='word_1_243' title='bbox 1061 3225 1137 3279; x_wconf 69' lang='grc' dir='ltr'>αὐτόν</span> <span class='ocrx_word' id='word_1_244' title='bbox 1155 3231 1194 3292; x_wconf 84' lang='grc' dir='ltr'>τε)</span> <span class='ocrx_word' id='word_1_245' title='bbox 1213 3218 1257 3279; x_wconf 69' lang='grc' dir='ltr'>ναὶ</span> <span class='ocrx_word' id='word_1_246' title='bbox 1274 3227 1317 3278; x_wconf 77' lang='grc' dir='ltr'>τὸν</span> 
     </span>
     <span class='ocr_line' id='line_1_28' title="bbox 190 3310 1318 3385; baseline 0.001 -20"><span class='ocrx_word' id='word_1_247' title='bbox 190 3312 298 3382; x_wconf 75' lang='grc' dir='ltr'>βασιλέα</span> <span class='ocrx_word' id='word_1_248' title='bbox 311 3312 389 3385; x_wconf 84' lang='grc' dir='ltr'>χὸλον</span> <span class='ocrx_word' id='word_1_249' title='bbox 403 3319 454 3365; x_wconf 80' lang='grc' dir='ltr'>τῶν</span> <span class='ocrx_word' id='word_1_250' title='bbox 465 3311 539 3377; x_wconf 82' lang='grc' dir='ltr'>θεῶν,</span> <span class='ocrx_word' id='word_1_251' title='bbox 553 3310 632 3383; x_wconf 78' lang='grc' dir='ltr'>χολον</span> <span class='ocrx_word' id='word_1_252' title='bbox 641 3329 696 3381; x_wconf 73' lang='lat' dir='ltr'>pro</span> <span class='ocrx_word' id='word_1_253' title='bbox 709 3312 796 3384; x_wconf 76' lang='grc' dir='ltr'>χωλὸν</span> <span class='ocrx_word' id='word_1_254' title='bbox 809 3313 913 3367; x_wconf 79' lang='lat' dir='ltr'>tabens</span> <span class='ocrx_word' id='word_1_255' title='bbox 925 3315 1009 3367; x_wconf 83' lang='lat' dir='ltr'>uertit</span> <span class='ocrx_word' id='word_1_256' title='bbox 1021 3313 1154 3382; x_wconf 78' lang='lat' dir='ltr'>interpres</span> <span class='ocrx_word' id='word_1_257' title='bbox 1189 3316 1204 3367; x_wconf 82' lang='lat'><strong>7</strong></span> <span class='ocrx_word' id='word_1_258' title='bbox 1223 3314 1318 3368; x_wconf 91' lang='lat' dir='ltr'>iecisse</span> 
     </span>
     <span class='ocr_line' id='line_1_29' title="bbox 188 3400 1317 3470; baseline 0 -17"><span class='ocrx_word' id='word_1_259' title='bbox 188 3400 286 3456; x_wconf 87' lang='lat' dir='ltr'>LBRe</span> <span class='ocrx_word' id='word_1_260' title='bbox 340 3400 550 3470; x_wconf 81' lang='lat' dir='ltr'>SeptineretP</span> <span class='ocrx_word' id='word_1_261' title='bbox 620 3402 658 3470; x_wconf 90' lang='lat' dir='ltr'>et]</span> <span class='ocrx_word' id='word_1_262' title='bbox 679 3401 754 3454; x_wconf 82' lang='lat' dir='ltr'>abest</span> <span class='ocrx_word' id='word_1_263' title='bbox 773 3418 792 3455; x_wconf 86' lang='grc' dir='ltr'>ο</span> <span class='ocrx_word' id='word_1_264' title='bbox 812 3401 925 3456; x_wconf 83' lang='lat' dir='ltr'>Graecis</span> <span class='ocrx_word' id='word_1_265' title='bbox 979 3402 1079 3470; x_wconf 73' lang='lat' dir='ltr'>tucn]</span> <span class='ocrx_word' id='word_1_266' title='bbox 1098 3401 1191 3455; x_wconf 78' lang='lat' dir='ltr'>onaP</span> <span class='ocrx_word' id='word_1_267' title='bbox 1260 3402 1317 3470; x_wconf 91' lang='lat' dir='ltr'>qui·</span> 
     </span>
     <span class='ocr_line' id='line_1_30' title="bbox 189 3486 1318 3558; baseline -0.003 -16"><span class='ocrx_word' id='word_1_268' title='bbox 189 3488 249 3542; x_wconf 90' lang='lat' dir='ltr'>dam</span> <span class='ocrx_word' id='word_1_269' title='bbox 267 3487 388 3542; x_wconf 10' lang='lat' dir='ltr'>aanor</span> <span class='ocrx_word' id='word_1_270' title='bbox 436 3504 467 3541; x_wconf 85' lang='lat' dir='ltr'>ex</span> <span class='ocrx_word' id='word_1_271' title='bbox 484 3487 527 3541; x_wconf 87' lang='lat' dir='ltr'>his</span> <span class='ocrx_word' id='word_1_272' title='bbox 546 3487 680 3557; x_wconf 83' lang='lat' dir='ltr'>omnibus]</span> <span class='ocrx_word' id='word_1_273' title='bbox 699 3486 871 3558; x_wconf 76' lang='grc' dir='ltr'>περλοοίντων</span> <span class='ocrx_word' id='word_1_274' title='bbox 926 3489 959 3543; x_wconf 88' lang='grc'>10</span> <span class='ocrx_word' id='word_1_275' title='bbox 977 3488 1166 3558; x_wconf 89' lang='lat' dir='ltr'>conscriptum]</span> <span class='ocrx_word' id='word_1_276' title='bbox 1186 3489 1318 3557; x_wconf 87' lang='lat' dir='ltr'>conscrip-</span> 
     </span>
     <span class='ocr_line' id='line_1_31' title="bbox 190 3574 1317 3646; baseline -0.004 -16"><span class='ocrx_word' id='word_1_277' title='bbox 190 3578 255 3631; x_wconf 90' lang='lat' dir='ltr'>sisse</span> <span class='ocrx_word' id='word_1_278' title='bbox 273 3576 301 3630; x_wconf 78' lang='lat' dir='ltr'><em>R</em></span> <span class='ocrx_word' id='word_1_279' title='bbox 389 3579 417 3628; x_wconf 89' lang='lat' dir='ltr'>et</span> <span class='ocrx_word' id='word_1_280' title='bbox 435 3576 578 3645; x_wconf 88' lang='lat' dir='ltr'>peremisse</span> <span class='ocrx_word' id='word_1_281' title='bbox 597 3579 683 3629; x_wconf 88' lang='lat' dir='ltr'>semet</span> <span class='ocrx_word' id='word_1_282' title='bbox 699 3576 797 3645; x_wconf 88' lang='lat' dir='ltr'>ipsum]</span> <span class='ocrx_word' id='word_1_283' title='bbox 816 3592 867 3630; x_wconf 82' lang='lat' dir='ltr'>om.</span> <span class='ocrx_word' id='word_1_284' title='bbox 885 3577 913 3631; x_wconf 88' lang='lat' dir='ltr'><em>R</em></span> <span class='ocrx_word' id='word_1_285' title='bbox 948 3612 951 3620; x_wconf 65' lang='grc'><strong><em>«</em></strong></span> <span class='ocrx_word' id='word_1_286' title='bbox 997 3577 1150 3646; x_wconf 84' lang='lat' dir='ltr'>peremisse]</span> <span class='ocrx_word' id='word_1_287' title='bbox 1170 3574 1317 3629; x_wconf 65' lang='lat' dir='ltr'>exercicia</span> 
     </span>
     <span class='ocr_line' id='line_1_32' title="bbox 190 3651 1318 3734; baseline -0.003 -17"><span class='ocrx_word' id='word_1_288' title='bbox 190 3664 340 3727; x_wconf 74' lang='lat' dir='ltr'>emendaret,</span> <span class='ocrx_word' id='word_1_289' title='bbox 358 3680 407 3733; x_wconf 89' lang='lat' dir='ltr'>per</span> <span class='ocrx_word' id='word_1_290' title='bbox 425 3664 501 3718; x_wconf 79' lang='lat' dir='ltr'>codd.</span> <span class='ocrx_word' id='word_1_291' title='bbox 522 3678 538 3720; x_wconf 85' lang='lat' dir='ltr'>a</span> <span class='ocrx_word' id='word_1_292' title='bbox 620 3665 720 3733; x_wconf 90' lang='lat' dir='ltr'>ipsum]</span> <span class='ocrx_word' id='word_1_293' title='bbox 740 3664 827 3733; x_wconf 91' lang='lat' dir='ltr'>ipsum</span> <span class='ocrx_word' id='word_1_294' title='bbox 846 3667 874 3717; x_wconf 88' lang='lat' dir='ltr'>et</span> <span class='ocrx_word' id='word_1_295' title='bbox 893 3664 964 3734; x_wconf 86' lang='lat' dir='ltr'>apud</span> <span class='ocrx_word' id='word_1_296' title='bbox 982 3673 1071 3734; x_wconf 80' lang='lat' dir='ltr'>regem</span> <span class='ocrx_word' id='word_1_297' title='bbox 1091 3651 1125 3717; x_wconf 70' lang='lat' dir='ltr'>erc</span> <span class='ocrx_word' id='word_1_298' title='bbox 1141 3679 1223 3716; x_wconf 69' lang='lat' dir='ltr'>anau</span> <span class='ocrx_word' id='word_1_299' title='bbox 1243 3665 1261 3715; x_wconf 83' lang='grc'><em>6</em></span> <span class='ocrx_word' id='word_1_300' title='bbox 1278 3678 1318 3715; x_wconf 89' lang='lat' dir='ltr'>er·</span> 
     </span>
     <span class='ocr_line' id='line_1_33' title="bbox 188 3747 1316 3820; baseline -0.005 -14"><span class='ocrx_word' id='word_1_301' title='bbox 188 3768 250 3806; x_wconf 84' lang='lat' dir='ltr'>rore</span> <span class='ocrx_word' id='word_1_302' title='bbox 268 3758 388 3820; x_wconf 71' lang='lat' dir='ltr'>repetens</span> <span class='ocrx_word' id='word_1_303' title='bbox 406 3768 422 3807; x_wconf 87' lang='lat' dir='ltr'>c</span> <span class='ocrx_word' id='word_1_304' title='bbox 482 3753 512 3806; x_wconf 94' lang='lat' dir='ltr'>ll</span> <span class='ocrx_word' id='word_1_305' title='bbox 533 3753 648 3806; x_wconf 84' lang='lat' dir='ltr'>maxima</span> <span class='ocrx_word' id='word_1_306' title='bbox 665 3751 693 3804; x_wconf 92' lang='lat' dir='ltr'><em>P</em></span> <span class='ocrx_word' id='word_1_307' title='bbox 750 3752 782 3804; x_wconf 93' lang='grc'>12</span> <span class='ocrx_word' id='word_1_308' title='bbox 800 3750 911 3820; x_wconf 88' lang='lat' dir='ltr'>proinde</span> <span class='ocrx_word' id='word_1_309' title='bbox 930 3751 965 3820; x_wconf 88' lang='lat' dir='ltr'>is]</span> <span class='ocrx_word' id='word_1_310' title='bbox 986 3768 1018 3804; x_wconf 77' lang='lat' dir='ltr'>en</span> <span class='ocrx_word' id='word_1_311' title='bbox 1035 3747 1143 3802; x_wconf 75' lang='grc' dir='ltr'>κᾶπειτα</span> <span class='ocrx_word' id='word_1_312' title='bbox 1161 3749 1316 3812; x_wconf 82' lang='lat' dir='ltr'>erncnelane&#39;;</span> 
     </span>
     <span class='ocr_line' id='line_1_34' title="bbox 189 3835 1318 3910; baseline -0.007 -16"><span class='ocrx_word' id='word_1_313' title='bbox 189 3858 236 3910; x_wconf 89' lang='lat' dir='ltr'>pro</span> <span class='ocrx_word' id='word_1_314' title='bbox 254 3839 340 3893; x_wconf 86' lang='lat' dir='ltr'>iudeis</span> <span class='ocrx_word' id='word_1_315' title='bbox 360 3840 436 3894; x_wconf 79' lang='lat' dir='ltr'>codd.</span> <span class='ocrx_word' id='word_1_316' title='bbox 456 3855 473 3894; x_wconf 81' lang='lat' dir='ltr'>a</span> <span class='ocrx_word' id='word_1_317' title='bbox 530 3840 691 3908; x_wconf 68' lang='lat' dir='ltr'>hiseeitaque</span> <span class='ocrx_word' id='word_1_318' title='bbox 710 3843 820 3907; x_wconf 80' lang='lat' dir='ltr'>rogatus</span> <span class='ocrx_word' id='word_1_319' title='bbox 839 3840 895 3906; x_wconf 71' lang='lat' dir='ltr'>rer!</span> <span class='ocrx_word' id='word_1_320' title='bbox 915 3846 965 3890; x_wconf 82' lang='grc' dir='ltr'>τῶν</span> <span class='ocrx_word' id='word_1_321' title='bbox 986 3837 1036 3890; x_wconf 68' lang='lat' dir='ltr'>tte</span> <span class='ocrx_word' id='word_1_322' title='bbox 1056 3840 1110 3898; x_wconf 83' lang='grc' dir='ltr'>ταῖς</span> <span class='ocrx_word' id='word_1_323' title='bbox 1129 3835 1262 3909; x_wconf 79' lang='grc' dir='ltr'>λατομίαις</span> <span class='ocrx_word' id='word_1_324' title='bbox 1282 3835 1318 3897; x_wconf 74' lang='grc' dir='ltr'>ὡς</span> 
     </span>
     <span class='ocr_line' id='line_1_35' title="bbox 188 3918 1318 3999; baseline -0.004 -19"><span class='ocrx_word' id='word_1_325' title='bbox 188 3926 283 3999; x_wconf 79' lang='grc' dir='ltr'>χρόνος</span> <span class='ocrx_word' id='word_1_326' title='bbox 301 3925 388 3989; x_wconf 60' lang='lat' dir='ltr'>inari(</span> <span class='ocrx_word' id='word_1_327' title='bbox 407 3926 508 3998; x_wconf 68' lang='grc' dir='ltr'>διῆλθεν</span> <span class='ocrx_word' id='word_1_328' title='bbox 527 3918 755 3997; x_wconf 60' lang='lat' dir='ltr'>cataracten-irrora</span> <span class='ocrx_word' id='word_1_329' title='bbox 770 3925 887 3988; x_wconf 74' lang='grc' dir='ltr'>ἀξιωθεὶς</span> <span class='ocrx_word' id='word_1_330' title='bbox 901 3923 914 3977; x_wconf 77' lang='grc' dir='ltr'><strong>ὁ</strong></span> <span class='ocrx_word' id='word_1_331' title='bbox 930 3924 1050 3994; x_wconf 70' lang='grc' dir='ltr'>βασιλεὺς</span> <span class='ocrx_word' id='word_1_332' title='bbox 1092 3925 1124 3978; x_wconf 88' lang='grc'>13</span> <span class='ocrx_word' id='word_1_333' title='bbox 1143 3924 1261 3993; x_wconf 85' lang='lat' dir='ltr'>requiem</span> <span class='ocrx_word' id='word_1_334' title='bbox 1281 3923 1318 3990; x_wconf 82' lang='lat' dir='ltr'>et!</span> 
     </span>
     <span class='ocr_line' id='line_1_36' title="bbox 189 4013 1318 4084; baseline -0.004 -17"><span class='ocrx_word' id='word_1_335' title='bbox 189 4015 353 4084; x_wconf 84' lang='lat' dir='ltr'>prouinciam</span> <span class='ocrx_word' id='word_1_336' title='bbox 371 4015 399 4070; x_wconf 83' lang='lat' dir='ltr'><em>R</em></span> <span class='ocrx_word' id='word_1_337' title='bbox 471 4015 621 4083; x_wconf 73' lang='lat' dir='ltr'>ciuitatem]</span> <span class='ocrx_word' id='word_1_338' title='bbox 642 4013 718 4082; x_wconf 74' lang='lat' dir='ltr'>aproni</span> <span class='ocrx_word' id='word_1_339' title='bbox 734 4014 879 4082; x_wconf 77' lang='lat' dir='ltr'>Ioseplrurn</span> <span class='ocrx_word' id='word_1_340' title='bbox 896 4030 953 4069; x_wconf 83' lang='lat' dir='ltr'>uon</span> <span class='ocrx_word' id='word_1_341' title='bbox 970 4013 1113 4067; x_wconf 70' lang='lat' dir='ltr'>intueantur</span> <span class='ocrx_word' id='word_1_342' title='bbox 1174 4015 1206 4066; x_wconf 80' lang='lat'>15</span> <span class='ocrx_word' id='word_1_343' title='bbox 1225 4027 1318 4064; x_wconf 88' lang='lat' dir='ltr'>secun-</span> 
     </span>
     <span class='ocr_line' id='line_1_37' title="bbox 190 4099 1319 4174; baseline -0.003 -19"><span class='ocrx_word' id='word_1_344' title='bbox 190 4101 434 4173; x_wconf 86' lang='lat' dir='ltr'>dum—praecelsa]</span> <span class='ocrx_word' id='word_1_345' title='bbox 460 4105 527 4157; x_wconf 78' lang='grc' dir='ltr'>κατὰ</span> <span class='ocrx_word' id='word_1_346' title='bbox 545 4103 592 4174; x_wconf 76' lang='grc' dir='ltr'>τὴν</span> <span class='ocrx_word' id='word_1_347' title='bbox 612 4101 743 4173; x_wconf 71' lang='grc' dir='ltr'>θεολογίαν</span> <span class='ocrx_word' id='word_1_348' title='bbox 763 4099 866 4154; x_wconf 76' lang='grc' dir='ltr'>ἄνωθεν</span> <span class='ocrx_word' id='word_1_349' title='bbox 884 4099 1018 4172; x_wconf 72' lang='grc' dir='ltr'>Τοφὼνιος</span> <span class='ocrx_word' id='word_1_350' title='bbox 1116 4101 1255 4170; x_wconf 85' lang='lat' dir='ltr'>antiquam</span> <span class='ocrx_word' id='word_1_351' title='bbox 1273 4099 1319 4153; x_wconf 79' lang='lat' dir='ltr'>Re</span> 
     </span>
     <span class='ocr_line' id='line_1_38' title="bbox 191 4189 779 4269; baseline -0.003 -25"><span class='ocrx_word' id='word_1_352' title='bbox 191 4191 302 4261; x_wconf 88' lang='lat' dir='ltr'>antiqua</span> <span class='ocrx_word' id='word_1_353' title='bbox 319 4191 363 4262; x_wconf 75' lang='lat' dir='ltr'>(ea</span> <span class='ocrx_word' id='word_1_354' title='bbox 380 4193 519 4261; x_wconf 87' lang='lat' dir='ltr'>antiquam</span> <span class='ocrx_word' id='word_1_355' title='bbox 539 4207 607 4245; x_wconf 84' lang='lat' dir='ltr'>corr.</span> <span class='ocrx_word' id='word_1_356' title='bbox 628 4189 672 4256; x_wconf 61' lang='grc' dir='ltr'>(Τί)</span> <span class='ocrx_word' id='word_1_357' title='bbox 693 4193 720 4243; x_wconf 86' lang='lat' dir='ltr'>et</span> <span class='ocrx_word' id='word_1_358' title='bbox 740 4189 779 4269; x_wconf 50' lang='grc' dir='ltr'>(Γ</span> 
     </span>
    </p>
   </div>
   <div class='ocr_carea' id='block_1_5' title="bbox 0 0 1527 4756">
    <p class='ocr_par' dir='ltr' id='par_1_9' title="bbox 0 0 1527 4756">
     <span class='ocr_line' id='line_1_39' title="bbox 0 0 1527 4756; baseline 0 0"><span class='ocrx_word' id='word_1_359' title='bbox 0 0 1527 4756; x_wconf 95' lang='lat' dir='ltr'> </span> 
     </span>
    </p>
   </div>
  </div>
 </body>
</html>
