3036 4756
607 344 823 401 Praefatio.
1233 347 1282 412 ΙΠ

150 544 233 609 tinet
262 540 389 626 Iosepbi
414 540 622 624 Antiquitatis
649 539 794 605 Iudaicae
825 538 924 634 libros
951 539 1020 616 XX,
1049 541 1157 605 contra
1187 537 1282 622 Apio·

153 667 223 714 nem
263 647 361 712 libros
392 646 434 723 ΙΙ,
468 646 506 710 de
538 645 622 713 bello
654 645 782 711 Iudaico
818 644 934 713 librum
972 646 1127 729 primum·
1149 651 1284 728 eumque

151 737 380 837 imperfectum.
403 753 543 817 omnium
566 751 710 817 codicum
729 751 784 834 qui
801 755 944 817 nostrum
960 751 1106 818 libellum
1123 750 1284 817 continent

151 862 203 924 est
233 856 473 941 antiquissimus
504 856 641 940 quidem,
673 856 730 923 sed
764 855 891 922 exhibet
925 861 1047 924 textum
1081 858 1282 933 lacunosum

151 963 268 1030 desunt
298 963 380 1028 enim
407 965 531 1046 praeter
556 961 670 1028 damna
695 962 817 1029 minora
843 963 957 1040 omnia,
987 982 1067 1047 qnae
1089 982 1109 1028 a
1129 983 1161 1046 p.
1184 964 1237 1040 dl,
1262 963 1282 1028 9

144 1089 208 1151 pro
234 1106 278 1116 -
304 1088 335 1152 p.
366 1069 418 1146 71,
448 1069 489 1133 13
515 1067 688 1149 indigerent
715 1067 744 1154 (I
771 1069 790 1152 5
818 1067 1007 1156 272-318)
1035 1071 1068 1135 et
1089 1088 1162 1153 ap.
1186 1069 1282 1147 7445

151 1173 285 1238 oliorum
306 1210 350 1220 -
371 1193 403 1256 p.
427 1173 480 1251 80,
506 1174 546 1238 19
568 1173 598 1237 si
619 1191 693 1237 uero
715 1172 760 1260 (Η
777 1174 797 1259 5
815 1171 938 1260 4-37)
956 1174 1115 1260 leguntur.
1128 1174 1171 1239 in
1188 1166 1283 1239 usum

150 1277 366 1374 Gutsohmidii
392 1279 489 1344 libros
517 1278 556 1346 de
582 1280 744 1369 uetustate
771 1279 960 1346 ludaeorum
987 1299 1066 1346 anno
1096 1279 1181 1345 1873
1208 1298 1282 1346 oon·

149 1384 227 1448 tulit
247 1383 368 1450 Aeneas
391 1382 512 1449 Siluius
538 1384 766 1464 Picoolomini‚.
789 1385 989 1452 collationem
1016 1385 1054 1449 ab
1081 1384 1169 1450 illius
1196 1384 1283 1451 here·

150 1489 244 1555 dibus
285 1488 347 1554 sibi
383 1492 593 1573 comparatam
624 1490 704 1555 mihi
735 1491 867 1556 tradidit
896 1491 933 1558 B.
963 1490 1071 1557 Niese.
1107 1490 1164 1556 sed
1202 1491 1284 1557 liber

149 1614 224 1661 cunr
252 1599 338 1662 esset
364 1595 578 1681 compluribus
610 1596 755 1663 manibus
788 1599 946 1663 correctus
973 1597 1184 1679 nonnullaque
1215 1614 1283 1661 era-

150 1700 321 1767 minatione
344 1700 535 1767 accuratiore
562 1699 749 1785 indigerent,
774 1701 844 1787 ipse
872 1721 945 1767 euru
971 1700 1125 1783 inspicere
1143 1700 1282 1784 cupiens

150 1826 277 1891 operam
305 1806 386 1888 dedi,
413 1810 451 1871 ut
475 1805 554 1870 mihi
576 1806 758 1872 Berolinum
785 1807 1061 1884 transmitteretur,
1089 1805 1145 1871 sed
1174 1825 1282 1890 quam·

150 1933 246 1997 quam
272 1902 405 1978 Bossins
433 1912 487 1990 uir
507 1911 754 1993 illustrissimus,
776 1913 831 1995 qni
853 1914 978 1996 praeest
997 1913 1093 1979 rebus
1115 1911 1283 1978 Borussiae

150 2016 374 2085 ecclesiasticis
420 2016 680 2099 scholasticisque
720 2017 946 2083 humanissime
985 2017 1210 2094 intercedebat,
1250 2016 1284 2082 id

150 2123 279 2208 quidem
314 2127 443 2208 proptor
478 2122 596 2188 codicis
631 2123 855 2206 praestantiam
885 2123 924 2188 ab
955 2123 1007 2202 iis,
1039 2122 1095 2207 qui
1125 2122 1158 2188 in
1189 2123 1284 2188 Italia

151 2228 406 2295 administrandis
441 2227 642 2294 bibliothecis
678 2231 838 2311 praesunt,
873 2228 1033 2312 impetrari
1068 2247 1131 2294 non
1167 2227 1282 2313 potuit,

149 2355 231 2419 quae
262 2354 337 2400 nero
365 2333 444 2399 mihi
471 2333 567 2400 dubia
593 2337 681 2400 erant
706 2335 827 2418 primus
855 2333 982 2417 quidem
1003 2334 1160 2400 Aemilius
1182 2334 1285 2418 Krey-

130 2454 242 2506 ¹mann
265 2440 408 2506 Hurtelio
430 2439 499 2504 uiro
523 2437 697 2520 clarissimo
720 2440 864 2506 hortante
887 2440 1089 2525 septuaginta
1110 2438 1283 2516 tetolonis,

149 2547 262 2611 deinde
287 2544 390 2611 Guido
413 2543 506 2629 Biagi
528 2542 736 2610 bibliothecae
757 2544 982 2611 Laurentianus
1004 2535 1182 2629 praelectus
1205 2542 1284 2610 mibi

148 2650 274 2737 roganti
296 2650 427 2716 comiter
449 2649 621 2715 obsecutus
641 2649 773 2735 triginta
794 2651 872 2716 locis
894 2653 1027 2733 uterque
1046 2650 1283 2716 accuratissime

151 2758 422 2824 confirmauerunt
445 2754 584 2821 codicem
605 2754 711 2820 littera
732 2756 758 2820 L
780 2755 898 2822 notaui.

194 2866 225 2929 2.
248 2861 522 2928 Laurentianus
545 2859 740 2926 Modiceus
763 2860 844 2944 plut.
861 2860 963 2924 LXVI
981 2859 1050 2926 cod.
1069 2860 1090 2924 3
1109 2859 1280 2925 membran.

149 2988 235 3036 saec.
256 2965 323 3032 XV!
345 2966 503 3051 eleganter
525 2965 662 3049 scriptus
685 2969 718 3032 et
738 2965 869 3048 picturis
895 2964 1073 3048 litterisque
1104 2963 1282 3032 initialibus

150 3073 281 3139 mirilico
312 3075 441 3137 ornatus
474 3073 597 3137 constat
627 3070 712 3135 loliis
744 3071 808 3136 326
841 3072 874 3135 et
906 3069 1044 3135 continet
1073 3067 1282 3151 Antiquitatis

148 3178 295 3244 Iudaicae
330 3177 365 3244 ll.
397 3176 467 3253 XX,
500 3180 607 3242 contm
632 3174 785 3259 Apionem
811 3174 846 3240 ll
869 3175 902 3238 11
930 3173 1000 3258 (cfr.
1031 3172 1164 3238 Bandini
1196 3175 1222 3238 t.
1253 3170 1283 3236 V

149 3281 208 3372 (11)
234 3303 267 3367 p.
296 3281 383 3367 783).
411 3281 538 3348 eaedem
564 3300 601 3347 ac
624 3281 705 3348 libro
730 3280 824 3346 modo
856 3279 1012 3362 descripto
1044 3279 1175 3344 lacunae
1207 3278 1282 3363 huic

151 3388 253 3455 codici
273 3387 392 3466 insunt,
416 3385 508 3452 ouius
529 3405 647 3468 paucos
669 3390 741 3451 ante
764 3387 796 3451 et
817 3385 985 3469 postillae
1011 3385 1141 3449 lacunas
1169 3401 1283 3449 uersus

149 3495 229 3560 mihi
251 3493 416 3577 exscripsit
437 3491 604 3576 Augustus
626 3491 775 3557 Haberda
797 3509 876 3556 anno
902 3491 997 3557 1892.

192 3599 224 3663 3.
247 3598 520 3664 Laurentianus
537 3596 730 3662 Mediceus
752 3597 833 3679 plut.
851 3595 952 3661 LXVI
970 3594 1040 3661 cod.
1060 3596 1078 3661 7
1097 3594 1230 3661 membr.
1249 3593 1281 3659 in

125 3705 203 3783 iol.
221 3705 340 3771 minore
360 3704 479 3769 saeculi
500 3699 568 3769 ΧΨ
584 3721 679 3767 manu
702 3701 838 3787 eleganti
860 3701 973 3766 Italica
995 3699 1144 3784 scriptus,
1164 3699 1281 3764 litteris

147 3810 325 3877 initialibus
349 3809 483 3893 aliisquo
504 3807 638 3893 picturis
661 3809 789 3873 ornatus
812 3808 937 3874 constat
962 3804 1030 3871 foll.
1054 3805 1124 3870 251·
1149 3806 1182 3868 et
1209 3821 1280 3874 con·

145 3917 229 3982 tinet
259 3915 357 3981 libros
385 3915 444 3980 VII
472 3914 510 3980 de
537 3913 622 3979 bello
649 3912 777 3979 Iudaico
809 3915 841 3978 et
868 3913 976 3978 contm
1003 3911 1155 3995 Apionem
1184 3908 1220 3978 ll.
1251 3909 1283 3974 11

145 4023 202 4108 (ci.
229 4021 420 4087 Bandinium
446 4024 470 4085 t.
498 4020 537 4086 V.
565 4017 622 4106 (ll)
650 4038 680 4102 p.
710 4018 796 4101 785).
825 4016 953 4084 eosdem
980 4019 1140 4097 utsupra
1169 4032 1281 4079 uersus

145 4128 266 4194 codicis
305 4127 449 4193 lacunosi
489 4124 654 4210 exscripsit
689 4124 855 4207 Augustus
881 4121 1041 4188 rHaberda
1080 4133 1163 4204 nunc
1203 4119 1282 4188 Bru·

147 4252 264 4300 nensis.
668 4253 670 4256 ·
