3036 4756
209 296 229 358 4
432 272 435 276 ⁴
471 289 616 345 Contra
643 290 824 361 Apioncm
852 290 873 354 1,
893 291 962 344 2-7
982 291 1014 359 (1.
1033 291 1071 357 ΙΙ)

211 484 384 562 credentes,
422 486 569 566 putantes
604 475 769 556 indicium,
809 483 898 565 quasi
930 483 1091 547 nouellum
1125 484 1166 548 sit
1198 487 1340 550 nostrum

211 609 322 674 genus,
364 609 400 655 eo
441 589 525 671 quod
561 589 649 653 nulla
683 589 835 654 memoria
871 588 954 671 apud
992 588 1182 654 Graecorum
1218 590 1340 654 nobiles

163 693 183 755 3
208 694 479 778 historiographos
504 694 591 777 digni
615 696 689 758 sunt
710 693 811 758 habiti
834 694 933 758 nostri
956 694 1099 770 maiores,
1118 714 1174 776 pro
1194 696 1339 759 omnibus

208 801 258 865 his
279 801 446 865 arbitratus
467 819 538 863 sum
557 802 699 880 oportere
718 818 768 863 me
787 799 926 863 breuiter
944 799 1021 863 haec
1040 799 1125 863 dicta
1144 800 1339 864 conscribere

210 909 242 970 et
274 905 491 991 derogantium
524 905 650 986 quidem
682 906 845 970 uesaniam
878 908 1146 986 spontaneamque
1182 906 1340 988 increpare
1372 929 1384 968 a

208 1011 420 1087 mendacium,
447 1011 581 1075 aliorum
604 1029 679 1075 uero
702 1010 913 1094 ignorantiam
936 1010 1052 1092 pariter
1076 1011 1248 1089 emendare,
1273 1012 1340 1075 irni-

208 1135 382 1199 uersosque
407 1118 444 1181 de
464 1121 571 1181 nostra
589 1116 787 1197 antiquitate,
808 1116 861 1197 qui
881 1116 1004 1180 scilicet
1022 1116 1187 1179 ueritatem
1207 1117 1340 1199 amplec-

159 1219 179 1280 l
209 1224 329 1298 tuntur,
359 1223 499 1288 edocere.
528 1225 599 1286 utar
626 1226 733 1285 autem
760 1222 792 1284 in
820 1221 899 1286 meis
928 1221 1022 1285 dictis
1046 1220 1182 1286 testibus
1207 1222 1262 1299 eis,
1288 1222 1339 1303 qni

208 1327 246 1392 de
275 1328 359 1392 omni
388 1328 575 1409 antiquitate
604 1328 687 1409 apud
717 1325 853 1392 Graecos
881 1325 942 1390 fide
971 1327 1057 1410 digni
1086 1330 1160 1391 sunt
1179 1327 1339 1412 indicati:

209 1451 263 1497 eos
292 1436 409 1509 autem,
438 1432 492 1514 qui
519 1432 703 1514 blaspheme
731 1432 769 1496 de
797 1432 887 1496 nobis
909 1435 1005 1514 atque
1028 1431 1184 1497 fallaciter
1206 1432 1340 1498 conscri-
1360 1455 1383 1493 ιο

206 1541 339 1619 pserunt
357 1539 471 1620 aliqua,
491 1557 546 1620 per
561 1538 749 1620 semetipsos
764 1537 925 1602 conuictos
939 1537 1154 1602 indubitanter
1167 1537 1339 1602 ostendam.

163 1643 183 1704 5
207 1643 344 1708 conabor
357 1648 463 1708 autern
478 1644 573 1708 etiam
589 1662 700 1708 causas
715 1662 875 1726 exponere,
889 1646 1015 1726 propter
1030 1663 1108 1724 quas
1123 1662 1183 1707 non
1197 1643 1290 1707 multi
1309 1649 1339 1706 in

209 1746 338 1814 Graecis
362 1749 505 1814 historiis
529 1749 633 1833 gentis
657 1752 782 1814 nostrae
805 1750 905 1814 fecere
928 1748 1122 1827 memoriam,
1146 1768 1285 1814 necnon
1310 1753 1341 1812 et

209 1872 273 1932 eos,
298 1855 352 1936 qui
376 1854 528 1919 danobis
552 1849 749 1937 nequaquam
772 1855 907 1920 scribere
931 1855 1097 1930 siluerunt,
1125 1854 1339 1919 nescientibus

210 1962 266 2023 ant
288 1960 408 2025 nescire
433 1959 656 2024 simulantibus
678 1960 833 2025 indicabo.
1360 1980 1381 2017 n

69 2083 72 2090 ·
165 2063 185 2125 6
252 2065 294 2129 Π.
317 2065 471 2130 Primitus
493 2065 602 2147 itaque
626 2065 704 2130 satis
728 2066 875 2130 ammiror
899 2084 963 2140 eos,
987 2067 1042 2148 qui
1065 2065 1234 2130 aestimant
1253 2084 1341 2147 opor-

212 2173 279 2234 tere
306 2170 343 2234 de
371 2171 464 2234 rebus
494 2171 631 2252 antiquis
661 2169 787 2236 Graecis
816 2171 1033 2235 tantummodo
1061 2170 1156 2234 fidem
1178 2170 1286 2234 haberi
1310 2174 1341 2235 et

211 2274 249 2339 ab
279 2276 324 2339 eis
354 2276 578 2355 consulendam
607 2295 676 2341 esse
703 2277 847 2341 ueritatis
870 2277 1096 2360 integritatem,
1121 2276 1212 2340 nobis
1236 2278 1341 2341 antem

213 2383 246 2445 et
274 2381 344 2445 aliis
374 2381 556 2446 hominibus
584 2400 644 2446 non
674 2400 743 2446 esse
772 2382 978 2458 credendum;
1008 2383 1063 2446 sed
1091 2401 1148 2466 ego
1177 2383 1282 2446 omnia
1308 2381 1340 2444 in

214 2485 263 2550 lris
293 2487 447 2552 contraria
473 2487 566 2551 uideo
596 2488 777 2570 contigisse.
815 2491 1003 2569 quapropter
1030 2487 1121 2552 decet
1151 2507 1210 2552 non
1243 2506 1341 2551 uanas
1360 2509 1386 2549 ao

215 2590 375 2675 opiniones
408 2591 560 2674 inspicere
593 2591 648 2655 sed
681 2610 716 2655 er
746 2593 825 2674 ipsis
858 2592 951 2656 rebus
977 2592 1133 2657 iustitiam
1161 2594 1340 2674 ponderare.

170 2697 188 2760 7
215 2696 318 2761 omnia
351 2696 506 2778 siquidem
539 2695 730 2762 Graecorum
762 2716 843 2762 noua
870 2701 901 2761 et
928 2697 995 2761 heri
1022 2699 1074 2761 uel
1102 2699 1140 2761 ut
1167 2698 1212 2761 ita
1239 2697 1341 2761 dicam

296 2976 375 3039 LBR,
394 2976 510 3042 CP(Pa),
530 2989 554 3029 c.
575 3007 606 3014 —
628 2975 714 3028 Euscb
734 2974 764 3038 ,1,
786 2974 826 3028 ed.
837 2992 876 3045 pr.

244 3173 255 3222 1
273 3169 412 3238 indicium]
428 3185 460 3223 ex
472 3168 723 3240 Graecostasi-ipsos
738 3185 797 3233 aon,
809 3168 936 3222 iudicium
946 3169 1023 3223 codd.
1077 3168 1339 3237 indicium-genus]

206 3257 376 3311 mendacium
396 3257 471 3327 qnasi
490 3259 611 3310 nostram
631 3257 667 3311 ait
685 3274 769 3326 genus
788 3273 804 3312 e
823 3260 944 3311 nostrum
963 3257 999 3309 sit
1017 3261 1049 3309 tr.
1069 3255 1097 3310 R
1175 3257 1191 3310 3
1209 3255 1340 3326 hystoria·

207 3344 323 3414 graphos
343 3345 387 3398 Po
493 3344 569 3415 5et]
596 3344 670 3398 abest
694 3362 712 3396 o
739 3344 852 3399 Graecis
975 3343 1113 3397 uesanidm
1132 3342 1159 3395 L
1177 3357 1340 3397 uesanume

199 3433 448 3501 spontaneamque]
460 3435 635 3502 spontaneam
646 3432 777 3501 simulque
789 3433 995 3502 Cspontaneam
1006 3432 1122 3500 undique
1130 3431 1157 3484 P
1165 3433 1340 3500 spontaneum

206 3520 378 3589 undiqnePo
428 3519 582 3588 diudicati]
598 3520 769 3574 iudicamuL
783 3519 919 3574 iudicandi
933 3537 965 3575 ex
979 3518 1179 3579 eorr.L²,BRe
1233 3521 1265 3573 10
1279 3536 1340 3572 con-

207 3609 336 3676 scripsere
354 3613 386 3661 ut
403 3608 470 3661 solet
487 3609 519 3661 in
538 3606 641 3661 talibus
659 3622 676 3662 e
694 3608 768 3675 quod
784 3608 833 3662 boc
851 3609 909 3662 solo
929 3608 986 3661 loco
1004 3613 1069 3661 noto
1137 3609 1167 3660 11
1190 3608 1338 3676 conuictos]

208 3722 363 3775 conuinctos
381 3721 409 3775 L
427 3690 480 3791 (-o⁵s
489 3739 511 3776 o.
522 3721 570 3788 U)
586 3723 764 3776 conuinctaB
779 3726 917 3776 conuictos
931 3722 955 3776 0
967 3723 1133 3776 cumninctos
1147 3722 1175 3775 P
1187 3723 1310 3776 conuictu
1324 3738 1340 3777 c

210 3811 242 3862 12
262 3811 363 3877 alitem]
383 3826 470 3865 om.c
550 3811 594 3884 ι14
621 3812 666 3880 qui
685 3810 728 3879 de]
748 3811 890 3879 quideme
997 3811 1141 3879 siluerunt]
1161 3811 1339 3865 uolueruntc

209 3898 244 3950 lb
262 3898 321 3966 aut]
338 3902 428 3951 autem
445 3899 473 3954 R
555 3900 720 3968 ltprimum
741 3900 765 3952 U
860 3900 963 3967 itaque]
982 3899 1021 3952 ita
1039 3899 1066 3952 P
1168 3899 1298 3951 animant
1318 3901 1341 3951 (¹

207 3986 352 4052 crstinrant
369 3987 397 4040 B
416 3987 604 4042 existimante
692 3991 815 4056 oportere
829 3994 893 4055 post
912 3988 1029 4057 antiquis
1050 3993 1081 4040 tr.
1101 3987 1129 4042 Ii
1189 3987 1221 4040 17
1240 3985 1338 4039 habere

207 4072 279 4127 LBc
333 4074 367 4128 20
386 4077 558 4144 quapropter]
574 4072 623 4146 sige
687 4076 805 4130 uariase
860 4075 894 4127 22
913 4075 1055 4143 siquidem]
1072 4092 1101 4143 γε
1121 4073 1143 4125 A
1206 4074 1264 4128 heri
1282 4073 1337 4142 uel}

207 4160 270 4214 here
289 4162 320 4214 ul
334 4162 360 4215 L
376 4162 449 4227 (hero
463 4163 565 4216 treberi
580 4179 647 4218 corr.
666 4169 734 4217 reate
752 4162 801 4229 D)
820 4157 884 4216 here
903 4163 947 4216 uel
963 4163 986 4214 (¹
1002 4163 1051 4216 hec
1070 4162 1115 4216 nel
1133 4162 1161 4215 P
1176 4163 1267 4216 henas
1287 4177 1304 4216 c
