3036 4756
232 289 273 352 80
489 286 633 342 Contra
660 288 844 357 Apionem
866 287 1026 353 liae-38
1045 287 1104 354 (IV)

178 475 220 537 33
274 479 329 543 IV.
355 478 440 559 Quae
465 479 563 562 igitur
586 479 650 544 sint
672 479 754 544 mala
777 482 870 562 atque
894 479 1064 545 durissima
1081 480 1266 545 ludaeorum
1284 480 1358 554 <in>

230 583 417 650 Alexandria
448 584 707 649 commorantium
739 603 795 667 pro
828 585 943 666 quibus
976 604 1029 650 eoa
1062 589 1198 665 accusat,
1234 585 1361 667 inspici-

231 709 332 756 amus.
369 689 565 767 „Venientem
598 689 710 771 inquit,
743 689 774 752 in
808 689 927 773 Syriam
959 690 1181 780 lrabitauerunt
1211 690 1250 754 ad
1276 709 1360 755 mare

178 791 221 854 34
231 795 297 861 sine
320 798 413 877 portu
437 794 534 860 uicini
557 794 633 859 sacti
661 794 867 859 eiectionibus
894 795 1082 860 fluctuum
1115 796 1143 859 ei
1169 796 1259 861 loona
1286 812 1359 878 ergo

231 900 455 965 detractionem
498 900 601 978 habet,
638 919 699 982 quo
737 900 820 966 dieto
859 901 995 965 detrahit
1024 901 1240 975 Alexandriam
1273 901 1359 965 illine
1388 915 1401 956 ε

231 1007 312 1070 enim
335 1008 440 1088 partes
465 1005 622 1071 nuntiata
645 1006 810 1082 maritima,
834 1024 913 1087 quae
938 1007 1021 1070 sicut
1044 1025 1151 1071 omnes
1175 1006 1360 1072 confitentur

177 1109 270 1175 35ad
302 1110 504 1175 habitandum
542 1114 616 1175 sunt
653 1111 780 1193 optima.
818 1111 940 1175 ludaei.
962 1131 1037 1176 uero
1074 1111 1230 1195 siqnidem
1267 1112 1359 1176 bellis

231 1218 434 1301 optinuerunt
461 1218 506 1280 ita
537 1218 573 1279 nt
603 1217 679 1280 haec
710 1219 822 1300 postea
853 1236 914 1281 non
946 1217 1135 1295 omitterent,
1167 1216 1360 1283 fortitudinia

232 1342 339 1387 eornm
375 1321 525 1386 indicium
562 1323 620 1396 eet,
659 1323 714 1387 sed
750 1323 852 1406 magia
884 1322 1055 1387 Alexander
1086 1322 1125 1386 ad
1156 1322 1358 1386 habitandum

231 1428 317 1493 dedit
340 1428 385 1492 eie
410 1428 491 1491 hune
514 1428 621 1491 locum
644 1431 676 1490 et
699 1427 782 1509 apud
804 1427 991 1492 Macedonas
1015 1446 1114 1509 aequo
1133 1428 1248 1493 honoro
1266 1427 1360 1510 potiti
1378 1446 1404 1486 ιο

178 1531 220 1594 36
232 1539 314 1599 sunt.
339 1533 445 1598 nescio
469 1537 572 1597 autem
598 1532 673 1613 quid
696 1533 797 1597 dicere
822 1532 948 1597 uolebat
964 1533 1075 1616 Apion,
1099 1553 1170 1598 eum
1194 1533 1251 1598 ait:
1274 1535 1360 1597 iuxta

231 1639 422 1722 necropolim
445 1638 478 1702 id
501 1642 550 1702 eet
572 1641 768 1702 mortuorum
791 1638 953 1702 ciuitatem
977 1639 1129 1714 habitant,
1154 1658 1225 1703 cum
1249 1639 1358 1720 utique

231 1748 337 1809 essent
365 1744 447 1809 circa
473 1743 591 1826 regalia
619 1743 799 1818 constituti;
832 1743 984 1809 hactenus
1012 1744 1094 1808 enim
1122 1763 1230 1810 eornm
1256 1744 1358 1809 tribue

178 1848 218 1911 37
231 1849 473 1933 appellationem
504 1849 616 1913 habuit
645 1839 862 1913 Macedonum.
897 1851 950 1931 qni
978 1849 1133 1931 siquidem
1160 1851 1268 1934 legens
1296 1849 1358 1932 epi-

231 1956 344 2021 stolam
367 1954 535 2020 Alexandri
556 1955 640 2038 regis
664 1957 696 2018 et
718 1955 893 2020 Ptolomaei
916 1955 993 2039 Lagi
1016 1961 1048 2020 et
1069 1975 1177 2041 regum
1206 1956 1261 2038 qui
1286 1958 1360 2036 post
1378 1972 1403 2011 ra

232 2081 303 2126 enm
335 2061 471 2136 suerunt,
505 2065 536 2126 et
569 2062 706 2125 statuam
739 2063 932 2142 praesentem
965 2060 995 2123 in
1027 2059 1212 2127 Alexandria
1247 2060 1357 2124 uidene

229 2166 395 2249 priuilegia
418 2167 637 2241 continentem,
660 2184 740 2247 qnae
759 2164 872 2231 Caesar
889 2165 1043 2230 maximus
1061 2166 1187 2232 Indaeis
1204 2165 1358 2248 praebuit,

231 2272 361 2335 ethaeo
389 2288 581 2353 cognoscens
609 2270 763 2335 contraria
790 2270 925 2335 scribere
953 2271 1173 2353 praesumpsit,
1201 2271 1358 2355 malignus

177 2375 220 2438 38
230 2377 301 2451 fuit,
327 2376 353 2440 si
376 2394 451 2440 uero
475 2375 554 2439 nihil
578 2375 687 2440 horum
711 2375 811 2451 nouit,
835 2375 991 2441 indoctae.
1015 2377 1094 2441 illud
1117 2395 1251 2459 qnoque,
1276 2374 1358 2458 quod

232 2499 264 2547 se
300 2481 406 2546 mirari
442 2480 528 2557 dicit,
565 2481 721 2563 quomodo
759 2500 829 2546 curn
870 2482 979 2546 ludaei
1020 2485 1124 2547 essent
1163 2481 1360 2547 Alexandrini
1378 2499 1405 2538 aa

318 2635 398 2697 Blav,
418 2634 508 2689 epra.
529 2666 561 2674 --
580 2635 611 2697 A,
631 2635 672 2689 ed.
691 2653 730 2705 pr.

268 2761 280 2814 1
309 2760 336 2813 in
363 2758 533 2827 Alexandria]
561 2761 665 2813 correxi
693 2758 847 2813 alexandria
868 2758 1021 2815 RVOPPa
1048 2759 1215 2830 alexandriae
1236 2777 1269 2814 ex
1291 2775 1357 2815 corr.

230 2850 256 2902 Β
309 2848 574 2916 2οοιοῐοιοοοολίοιη1
594 2865 645 2902 om.
664 2849 735 2902 PPa
805 2849 864 2918 pro]
885 2852 914 2902 et
930 2865 977 2918 pro
995 2849 1040 2902 Pa
1094 2851 1157 2903 liin
1176 2851 1290 2920 Syriam]
1308 2849 1357 2901 ἀπὸ

232 2935 324 3007 Συρίας
378 2939 395 2989 4
414 2937 598 3005 egeationibne
618 2937 644 2989 Β
704 2938 727 2990 ei
745 2937 1040 3007 loona-Alexandriae]
1061 2937 1152 2990 odanda
1170 2937 1248 3000 τόπος
1266 2936 1288 2989 οἱ
1305 2936 1357 2989 λοο·

230 3023 316 3095 &optor
339 3021 394 3095 ἔχει
415 3024 463 3095 τὴν
486 3022 515 3076 οὐ
539 3024 647 3095 πατρίδα
668 3027 714 3094 μὲν
737 3023 878 3095 λεγομένην
897 3023 923 3076 δὲ
943 3024 1021 3079 αὐτοῦ
1038 3023 1150 3096 λοιδορεῖ
1165 3024 1212 3095 τὴν
1235 3023 1358 3086 Ἀλεξᾶν·

230 3110 314 3180 ὄρειον
333 3112 467 3166 lacamoaa
484 3113 596 3166 terrim
613 3113 723 3166 ridetur
739 3113 871 3181 interpret
968 3113 991 3165 ei
1009 3112 1095 3182 locus]
1115 3112 1227 3167 eolatina
1245 3112 1357 3177 (norale-

229 3199 284 3252 tine
303 3198 340 3266 Β)
359 3199 430 3253 codd
508 3199 644 3268 dhabet]
664 3217 714 3256 om.
734 3200 761 3252 B
850 3199 968 3253 detrahit
986 3216 1036 3254 om.
1055 3200 1082 3252 Β
1153 3201 1361 3270 dpartibnsO

265 3287 437 3341 confutentur
456 3288 481 3342 P
498 3288 640 3341 confltetur
656 3287 701 3341 Pa
769 3289 784 3340 ’1
804 3287 946 3357 siqnidem]
965 3305 1016 3343 om.
1035 3288 1094 3342 RV
1157 3289 1173 3343 8
1193 3288 1356 3358 omitterent]

229 3375 384 3428 omitterent
404 3375 455 3428 BG
471 3375 628 3428 amitterent
645 3376 748 3430 cariem
816 3375 979 3429 alodiorum
997 3376 1069 3432 RPa
1140 3379 1237 3449 magii]
1257 3365 1319 3448 τοῖς
1332 3379 1358 3430 Β

229 3478 341 3531 magnae
365 3462 391 3514 V
475 3462 641 3517 habtandum
659 3463 686 3517 P
758 3465 790 3519 10
814 3464 864 3533 eie]
883 3480 941 3533 cup.
962 3466 1009 3519 lin.
1030 3463 1094 3520 add.
1113 3467 1140 3519 Β
1213 3467 1242 3521 11
1268 3467 1357 3521 nescio

231 3554 318 3603 antem
343 3550 407 3618 qnid
428 3551 496 3619 ⁸de
516 3567 645 3606 conmuni
663 3552 774 3620 Ioeeplrr'
795 3553 990 3607 contentionum
1008 3569 1125 3622 proretae
1141 3556 1357 3624 conportent!

228 3664 360 3732 interpres
422 3665 499 3735 qnid]
519 3666 589 3735 quod
608 3667 635 3721 Β
700 3667 749 3736 ait]
769 3633 792 3720 {a
809 3667 837 3719 B
893 3668 925 3721 12
943 3668 1116 3739 necropolim]
1135 3670 1293 3739 nicropolim
1306 3670 1359 3723 BC

229 3753 390 3823 nigropolim
406 3755 452 3808 Pe
470 3756 639 3825 metropolim
664 3755 742 3812 VRP
795 3758 826 3811 13
846 3757 986 3811 constituti
1004 3758 1108 3827 regalia
1120 3763 1152 3812 tr.
1167 3758 1195 3811 B
1249 3760 1282 3813 14
1301 3760 1356 3829 epi-

229 3840 337 3910 etolam]
358 3841 492 3904 ὲπιοτολοὶς
566 3845 598 3896 15
616 3844 768 3898 Ptholomei
787 3845 814 3900 Β
894 3846 996 3916 regum]
1016 3851 1063 3916 τῆς
1082 3843 1211 3916 Αἰγύπτου
1231 3845 1356 3914 βασιλέων

231 3955 262 4009 16
281 3955 467 4060 Alexandriam
485 3957 540 4012 ΒΒ
595 3959 853 4014 17οοο11ηο1οῐιιθ
908 3960 1181 4031 languescentem
1235 3919 1357 4015 horumL

264 4071 341 4124 nouit
360 4037 465 4125 ¹doetus
484 4072 510 4125 Β
580 4074 616 4128 20
637 4090 666 4128 oe
683 4075 785 4144 mirari]
805 4077 929 4129 seminari
947 4076 1045 4131 LBRe
1135 4076 1276 4146 quomodo]
1296 4043 1313 4144 (ἰ
1331 4075 1356 4128 L

229 4173 317 4227 quoe
390 4158 524 4213 alexandri
542 4161 660 4216 inuocati
680 4162 705 4215 L
