3036 4756
231 280 294 343 126
386 273 529 330 Contra
554 275 738 346 Xpionem
759 275 795 339 11,
814 275 955 331 228-233
975 237 1079 344 (XXXL
1098 276 1211 345 XXXII)

231 467 364 551 quando,
392 468 419 533 si
447 467 518 550 quis
541 467 735 533 considerare
757 469 904 547 uoluerit,
928 470 1029 535 multo
1053 469 1196 553 ampliori
1218 469 1361 535 testimo·

229 573 281 639 nio
314 573 446 638 maiores
478 572 623 638 excubias
655 576 689 638 et
717 573 840 639 labores
867 575 957 639 uobis
986 594 1078 658 quam
1106 574 1361 640 Lacedaemoniis

143 676 207 742 229
229 679 352 768 uidebit
381 679 558 763 impositos.
589 678 638 743 illi
670 678 826 762 siquidem
861 690 960 752 <non>
992 684 1156 763 operantes
1187 683 1301 746 terram
1330 683 1363 744 et

230 803 331 866 neque
354 785 437 850 circa
459 787 541 849 artes
564 784 746 850 exercitium
769 784 929 864 habentes,
949 786 1004 851 sed
1023 786 1061 851 ab
1080 786 1165 853 omni
1183 786 1362 870 operatione

231 890 435 970 remissiores,
462 890 595 975 pingues
624 893 656 956 et
682 909 811 973 corpore
836 891 961 975 pulchri
987 892 1021 957 in
1042 892 1173 957 ciuitate
1196 891 1361 976 degebant,
1393 914 1406 953 a

143 993 208 1058 230
231 995 302 1060 aliis
332 995 485 1061 ministris
513 996 545 1060 in
573 996 718 1061 omnibus
746 996 831 1062 uitae
858 997 1042 1062 necessariis
1065 998 1160 1063 rebus
1182 999 1308 1062 utentes
1331 998 1364 1060 et

232 1101 336 1166 cibum
360 1103 513 1184 'pamtum
541 1101 579 1166 ab
606 1101 671 1166 illis
699 1101 897 1184 accipientes,
925 1104 985 1168 hoo
1012 1103 1117 1169 solum
1144 1121 1223 1185 opus
1245 1102 1363 1166 bonum

232 1208 326 1289 atque
345 1207 482 1272 clemens
500 1205 675 1271 iudicantes
694 1207 734 1272 ad
750 1207 930 1272 iaciendum
949 1211 981 1273 et
997 1208 1190 1291 patiendum,
1210 1210 1364 1291 quatenus

231 1312 449 1396 praeualerent
476 1311 629 1377 aduersus
656 1331 776 1390 omnes,
804 1317 912 1378 contra
938 1332 1017 1398 quos
1044 1313 1128 1379 bella
1158 1312 1363 1394 susciperent.

145 1415 208 1502 231
234 1418 308 1510 quia
339 1437 413 1485 uero
445 1437 546 1501 neque
577 1419 638 1484 hoc
670 1419 803 1502 adipisci
833 1419 1145 1503 perreconditam
1172 1436 1408 1502 superpono;1o

232 1543 294 1590 non
325 1523 407 1588 euim
440 1522 557 1607 singuli
590 1523 797 1601 solummodo,
831 1524 887 1608 sed
919 1523 1013 1588 multi
1043 1525 1222 1607 frequenter
1256 1541 1365 1588 eorum

234 1628 339 1695 subito
371 1627 452 1713 legis
484 1631 652 1712 praecepta
681 1629 883 1713 neglegentes
916 1632 1017 1695 semet
1046 1629 1134 1713 ipsos
1166 1647 1238 1694 oum
1270 1629 1364 1694 armis

160 1760 181 1774 ·‘
234 1733 379 1800 hostibus
401 1731 607 1798 tradidemnt.

148 1836 213 1901 232
279 1839 409 1905 XXXII.
432 1839 571 1903 Putasne
598 1841 632 1903 et
657 1838 741 1920 apud
768 1857 825 1903 uos
853 1857 914 1904 uon
942 1838 1012 1903 dico
1035 1838 1126 1917 tanti,
1150 1837 1205 1902 sed
1228 1836 1289 1902 duo
1315 1835 1366 1900 uel

235 1947 301 2011 tres
333 1944 432 2028 agniti
462 1946 537 2009 sunt
566 1943 741 2027 proditores
772 1942 875 2009 effecti
905 1944 1013 2028 legum
1044 1944 1096 2008 uel
1127 1945 1257 2024 mortem
1277 1960 1365 2009 -non
1381 1970 1410 2010 rs

237 2050 307 2116 dieo
333 2049 432 2128 illam,
459 2049 552 2114 facile
580 2068 659 2131 quae
686 2050 769 2114 solet
793 2049 1020 2131 proeliantibus
1049 2050 1183 2127 euenire,
1206 2047 1262 2114 sed
1285 2066 1365 2125 eam,

238 2174 317 2237 quae
353 2174 425 2220 cnm
455 2156 557 2220 multa
589 2172 753 2237 corporum
785 2153 954 2220 afflictione
987 2158 1019 2220 et
1049 2157 1151 2220 multa
1181 2153 1366 2220 crudelitate

150 2258 215 2325 233
237 2260 364 2326 uidetur
395 2260 562 2327 accedere?
592 2279 686 2342 quam
718 2264 755 2324 ut
785 2278 844 2345 ego
875 2265 952 2345 puto
989 2262 1116 2344 quidam
1151 2261 1368 2344 praeualentes

326 2484 404 2550 LBR,
425 2484 476 2550 GP,
496 2500 521 2540 e.
540 2513 573 2524 -
592 2484 625 2549 A,
644 2484 686 2539 ed.
704 2499 743 2554 pr.

276 2628 289 2681 1
310 2623 428 2697 qnando]
447 2631 481 2695 qd
498 2641 532 2680 era
549 2641 603 2694 qua
619 2640 688 2679 corr.
707 2623 744 2676 P¹
850 2623 1018 2693 testimonio]
1043 2623 1182 2696 μαρτυρίας
1205 2622 1308 2677 codicia
1324 2623 1370 2676 ενα·

239 2713 395 2769 mendosum
411 2718 518 2768 uestem
534 2713 643 2780 reliqua
660 2717 692 2766 sot
708 2712 829 2781 intellegi
847 2716 959 2780 possem
971 2711 1122 2781 paululum
1143 2711 1263 2766 νννεανὲι
1284 2710 1369 2765 iater-

235 2844 301 2899 pres
352 2827 519 2897 dexcnbias]
535 2823 634 2888 ἄθλους
686 2792 744 2897 leae
758 2824 886 2880 demouue
899 2824 926 2879 L
974 2825 1120 2895 enitebit]
1134 2827 1210 2881 abest
1223 2842 1242 2880 a
1256 2825 1371 2880 Graecis

275 2915 427 2986 impositos]
447 2913 648 2975 taaeattwaed
720 2913 862 2982 siquidem]
880 2913 1040 2984 ecquidem
1058 2929 1127 2969 corr.
1145 2913 1183 2967 B¹
1218 2915 1222 2920 '
1254 2914 1319 2982 nou]
1337 2927 1371 2966 ee

244 3004 358 3059 Graecia
374 3002 478 3058 imeae·
496 3001 532 3056 od
550 3001 690 3071 orolaetyps‘
708 3002 831 3065 librario,
849 3017 907 3056 non
923 3018 989 3056 aero
1010 3003 1045 3056 ab
1058 3002 1124 3071 epac
1132 3003 1277 3070 interprete
1289 3001 1370 3055 omis-

196 3133 198 3138 .
239 3107 301 3146 mm
318 3090 471 3145 orbitates
539 3090 719 3144 lereroitnm
736 3089 764 3145 Β
833 3090 1111 3160 tcorporepulclrri]
1130 3088 1290 3160 τὰσώματα
1307 3088 1371 3158 πρὸς

241 3176 337 3240 καλλος
356 3176 494 3242 ἀσκοῦντες
548 3176 630 3231 delii
647 3177 675 3233 Β
729 3176 797 3232 lab
816 3177 882 3248 illis]
902 3194 952 3232 om.
972 3178 998 3230 B
1057 3177 1217 3248 recipientes
1233 3176 1262 3231 Β
1320 3175 1371 3228 hoe

243 3264 438 3335 -indioantea]
457 3264 587 3319 melosa
604 3265 687 3320 uertit
702 3266 834 3335 interpres
908 3266 969 3335 hoo]
988 3282 1038 3320 om.
1057 3265 1101 3321 Le
1172 3265 1190 3319 8
1206 3262 1369 3332 iudicantes]

241 3354 262 3408 ν’.
281 3369 302 3407 e.
322 3350 555 3424 ὑπολαμβάνοντες,
574 3351 780 3424 ὑπαμόνανταςΛ
833 3355 849 3409 9
867 3355 1016 3425 susciperet
1032 3354 1086 3409 LB
1140 3354 1173 3410 10
1192 3371 1254 3408 uero
1272 3353 1370 3423 neque]

242 3458 297 3496 non
314 3439 550 3512 nequelneqnee
603 3440 760 3511 lllladipisci‚
779 3441 824 3496 adi
841 3443 872 3497 ν’νν
889 3459 946 3496 rae.
963 3442 996 3495 0¹
1049 3459 1170 3513 suppono
1183 3442 1211 3498 Β
1264 3444 1298 3508 ll
1317 3441 1371 3495 sin·

242 3529 311 3600 guli]
327 3528 426 3584 mend.
441 3527 540 3584 Setiae
553 3528 667 3599 singulis
681 3531 777 3585 cedde
838 3530 966 3594 mordet
979 3519 1207 3587 multisBROPe
1261 3531 1293 3585 12
1308 3529 1372 3584 sub·

243 3617 293 3686 ito]
314 3615 420 3687 ἁθρόας
484 3618 517 3672 14
535 3619 595 3688 nos]
615 3634 665 3673 om.
684 3617 712 3671 P
780 3619 865 3672 tantis
883 3619 988 3675 cedde
1044 3619 1076 3672 15
1095 3620 1183 3688 agniti
1200 3620 1274 3688 sunt]
1291 3615 1372 3689 ἢνων

243 3705 270 3760 Ia
286 3703 352 3777 ’ἔγνω
369 3723 407 3766 τις
425 3705 466 3762 ed.
480 3722 526 3775 pr.
584 3707 640 3775 uel}
661 3709 689 3760 et
705 3707 733 3762 Β
802 3707 938 3776 mortem]
954 3706 1069 3760 θάνατον
1089 3697 1256 3777 φοβηθέντας
1274 3704 1374 3760 excidit

242 3794 327 3862 o'po'tser
342 3794 375 3847 ν’νν
393 3794 536 3864 arelectypo
554 3796 705 3849 metuentes
720 3795 766 3849 asel
782 3795 871 3850 acuile
888 3795 956 3863 qaid
1035 3793 1129 3847 mortis
1146 3793 1174 3846 B
1247 3794 1279 3848 13
1297 3791 1373 3846 illam

243 3881 305 3936 dico
324 3886 357 3935 tr.
375 3881 403 3937 Β
474 3898 543 3952 quae
561 3883 642 3952 solet]
661 3898 759 3952 quaeso
779 3887 807 3938 et
824 3883 878 3938 ΒΡ
950 3883 1019 3952 eam]
1040 3877 1166 3937 etiamR
1229 3882 1262 3935 17
1281 3896 1374 3952 eorpo-

244 3969 433 4039 ruui-multa]
451 3969 482 4024 in
498 3986 555 4024 rae.
573 3970 613 4023 Βι
631 3987 681 4025 om.
698 3970 728 4026 Β
799 3971 966 4033 crudelitate,
986 3986 1032 4024 eru
1044 3970 1076 4023 ν’νν
1087 3984 1144 4024 rae.
1156 3967 1195 4022 Βι
1266 3973 1373 4022 et-ae·

244 4056 350 4126 cedere]
370 4054 457 4120 ὁποῖος
476 4049 540 4110 εἶναι
558 4056 629 4110 deaei
644 4057 747 4114 πάντων
765 4057 950 4130 χαλεπώτατος
1024 4057 1057 4112 18
1082 4058 1172 4126 quam]
1192 4043 1254 4108 deor
1270 4057 1295 4109 A
1313 4054 1373 4107 ὥστ’

244 4142 286 4197 ed.
300 4161 345 4212 pr.
419 4144 527 4215 quidem
544 4145 572 4201 Β
