3046 4748
235 325 298 388 130
377 319 521 376 Contra
547 320 730 390 spionem
753 319 790 385 11,
808 320 948 375 246-251
968 318 1226 390 (nummu)

231 513 307 578 dum
335 530 436 594 neque
463 511 567 576 senior
593 514 687 592 atque
709 529 761 575 ror
784 510 941 576 ualuisset
961 511 1117 593 impetum
1142 531 1235 578 suum
1258 533 1276 578 a
1298 532 1367 578 mu-

143 616 207 681 247
230 618 317 683 lieris
335 616 541 700 permixtione
559 615 713 681 retinere?
727 615 781 680 alii
796 635 872 680 uero
887 616 930 680 dii
945 616 1118 682 seruientes
1137 617 1317 682 homiuibus
1336 622 1368 683 et

231 741 314 787 nuuc
333 721 460 803 quidem
483 720 682 786 aedificantes
701 739 798 785 causa
815 721 979 799 mercedis,
997 740 1080 786 nunc
1098 741 1172 787 uero
1190 728 1365 804 pascentes,

232 828 286 893 alii
309 832 416 900 autem
438 827 648 910 malignorum
671 825 764 891 modo
783 826 814 889 iu
833 827 932 890 ferreo
952 845 1074 890 earcere
1097 828 1253 911 colligati:
1274 848 1367 911 quem

180 958 182 962 ³
231 933 330 1016 igitur
361 932 550 1015 sapientium
582 931 660 995 talia
685 950 746 996 uon
774 931 956 1009 accendant,
983 934 1021 994 ut
1042 931 1120 996 haec
1143 935 1366 1016 componentes
1397 940 1413 998 a·

230 1037 420 1120 redarguant
442 1040 474 1100 et
494 1037 628 1100 multam
651 1036 890 1101 stultitiamne
909 1034 1101 1100 credentium
1120 1037 1366 1120 reprehendant?

143 1141 208 1205 248
232 1142 286 1207 alii
309 1161 383 1206 uero
408 1147 440 1206 et
463 1144 612 1205 torrorem
635 1141 789 1231 quendam
813 1142 865 1205 uel
888 1145 1008 1206 metum
1031 1160 1087 1206 nec
1110 1161 1171 1207 uon
1195 1145 1227 1207 et
1248 1144 1366 1208 rabiem

157 1269 160 1277 ·
231 1251 326 1328 atque
339 1246 553 1311 seductionem
569 1264 739 1328 omnesque
752 1245 906 1328 pessimas
924 1245 1087 1328 passiones
1104 1247 1136 1310 in
1157 1248 1207 1311 dei
1224 1251 1367 1312 naturam

232 1354 264 1414 et
286 1351 419 1415 formam
441 1351 557 1433 lingere
579 1354 867 1433 praesumpserunt,
890 1351 1057 1415 ethorum
1080 1350 1208 1433 quidem
1236 1353 1367 1418 nobilio-

144 1455 209 1520 249
232 1456 320 1521 ribus
345 1457 441 1521 etiam
464 1456 611 1520 ciuitates
640 1454 813 1543 sacrificare
837 1458 1013 1521 suaserunt.
1037 1455 1193 1537 siquidem
1216 1457 1247 1521 iu
1267 1457 1367 1522 multa
1385 1483 1411 1522 ιο

231 1559 421 1625 necessitate
453 1561 640 1634 consistunt,
673 1563 711 1624 ut
737 1560 891 1642 quosdam
918 1561 1048 1625 deorum
1074 1562 1187 1642 putent
1212 1561 1366 1626 bonorum

232 1685 302 1730 esse
329 1665 505 1748 largitores,
534 1666 612 1730 alios
640 1668 746 1730 autem
773 1668 890 1729 nocent
917 1665 1138 1746 auersatorios,
1163 1666 1285 1749 quando
1313 1685 1366 1731 eos

231 1770 333 1835 ueluti
360 1770 608 1852 malignissimos
635 1769 777 1835 homines
805 1770 989 1834 muneribus
1013 1773 1107 1852 atque
1131 1770 1220 1835 donis
1243 1772 1366 1853 placare

231 1875 434 1949 contendunt,
458 1893 608 1956 magnum
631 1874 791 1954 quoddam
817 1875 936 1938 malum
965 1893 999 1938 se
1027 1879 1230 1958 suscepturos
1258 1873 1366 1939 abeis

231 1979 458 2050 existimantes,
481 1978 543 2041 uisi
565 1978 742 2041 mercedem
765 1978 811 2041 eis
835 1978 978 2043 studiose
996 1979 1207 2060 praebuerint.
1386 2003 1412 2042 re

143 2086 208 2147 250
275 2083 404 2147 XXXV.
429 2080 516 2160 Quae
539 2083 637 2166 igitur
660 2101 755 2146 eausa
777 2082 821 2147 sit
838 2085 943 2148 tantae
963 2084 1058 2148 huius
1076 2083 1253 2165 iniquitatis
1273 2085 1367 2164 atque

226 2187 342 2252 ¹delicti
378 2188 461 2252 eirca
496 2187 612 2251 deum?
648 2206 707 2270 ego
744 2186 872 2268 quidem
908 2187 1050 2263 arbitror,
1084 2206 1120 2251 eo
1153 2187 1237 2269 quod
1267 2204 1368 2268 neque

233 2312 341 2356 ueram
372 2291 423 2355 dei
455 2296 598 2356 naturam
626 2291 664 2355 ab
691 2291 781 2356 initio
810 2310 917 2356 eorum
944 2292 1144 2375 legislatores
1173 2290 1368 2374 agnouerint,

233 2415 334 2478 neque
375 2398 527 2479 qnantum
567 2396 726 2479 percipere
762 2398 933 2478 potuerunt
968 2397 1140 2479 perfectam
1180 2395 1366 2460 senteutiam

145 2505 207 2567 251
233 2501 415 2566 definientes
447 2501 638 2584 reipublicae
669 2500 874 2579 tradiderunt,
907 2501 963 2566 sed
989 2502 1080 2567 uelut
1105 2500 1192 2565 aliud
1219 2499 1368 2582 quiddam
1385 2524 1414 2564 ao

232 2606 458 2687 prauissimum
481 2606 677 2687 reliquerunt
699 2604 809 2669 dantes
831 2608 1023 2687 potestatem
1046 2605 1148 2687 poetis
1172 2603 1309 2687 quidem,
1332 2605 1369 2666 nt

234 2728 313 2792 quos
341 2710 461 2774 uellent
488 2710 563 2774 deos
590 2708 823 2773 introducerent
850 2710 927 2773 haee
950 2707 1055 2773 omnia
1075 2707 1242 2791 patientes,
1265 2706 1369 2771 rheto-

322 2949 401 3012 LBR,
421 2948 472 3011 GP,
492 2963 516 3003 e.
537 2980 569 2987 —
589 2948 620 3009 ll,
641 2947 681 3000 ed.
702 2963 740 3016 pr.

272 3125 283 3177 l
305 3123 456 3176 ualuissent
473 3121 501 3176 R
589 3121 719 3190 impetunt
731 3163 737 3176 .
749 3159 755 3172 .
768 3118 909 3187 ‚retinereq
929 3117 1041 3188 ἐπισχεῖν
1059 3118 1107 3188 τὴν
1126 3117 1208 3189 ὁρμὴν
1227 3116 1288 3169 'deoc
1305 3122 1368 3186 γοῦν

235 3210 271 3272 εἰς
290 3211 318 3262 τὸ
337 3207 465 3280 δωμάτιον
484 3207 606 3260 ἀπελθεῖν
660 3208 677 3259 2
696 3207 745 3276 dii]
766 3205 860 3260 dume
930 3203 1094 3273 hominibus]
1114 3221 1147 3258 eo:
1161 3204 1284 3257 omuibus
1298 3217 1368 3255 corr.

234 3298 272 3351 Ρι
343 3298 505 3365 3peseente
523 3296 551 3350 R
622 3293 792 3356 taeeedant,
806 3293 859 3346 ΕΒ
878 3297 957 3357 (coar.
976 3289 1025 3357 13²)
1044 3291 1113 3346 1300
1183 3291 1261 3360 leaeo]
1280 3289 1370 3343 hoee

235 3382 446 3452 deredentimn]
461 3380 646 3452 npoepe'vonrll
700 3382 774 3450 let]
790 3380 854 3435 ado
908 3380 971 3433 8in
986 3378 1189 3446 dei-formam]
1204 3378 1245 3431 sie
1259 3377 1371 3430 Graeca

193 3476 195 3480 ’
234 3478 341 3525 secutus
358 3471 525 3536 transposui,
544 3472 572 3522 et
589 3469 701 3523 formam
718 3469 746 3521 in
767 3468 810 3521 dei
829 3467 914 3531 (iudei
932 3467 969 3531 R)
988 3471 1112 3519 naturam
1129 3465 1230 3520 cedde
1284 3463 1370 3518 9110-

234 3559 304 3626 rum]
325 3573 414 3610 eorum
434 3557 461 3609 P
514 3557 547 3610 10
566 3556 702 3626 ciuitates]
723 3555 874 3616 mendosi,
894 3553 1006 3607 ciuitate
1024 3552 1121 3606 LeOP
1137 3554 1166 3605 in
1184 3552 1296 3606 ciuitate
1314 3549 1371 3606 BR

270 3645 298 3697 in
316 3644 413 3712 multa]
434 3644 585 3704 ancedeus,
604 3643 714 3696 simulta
727 3642 797 3696 codd
810 3641 968 3694 simulatae
1024 3642 1054 3694 ll
1074 3641 1174 3708 putant
1186 3639 1214 3693 R
1269 3639 1304 3693 12
1319 3653 1369 3690 no-

235 3735 298 3786 cent
310 3731 338 3786 It
408 3732 598 3800 auersatorios]
617 3747 650 3784 ee
668 3728 856 3799 ἀποτροπαίους
868 3727 973 3796 scripsi,
988 3727 1185 3780 aduersatorios
1197 3724 1305 3779 LBRG
1320 3723 1370 3778 ad-

234 3818 366 3872 uersarios
383 3817 427 3872 Pe
481 3817 599 3888 quando]
619 3809 674 3868 εἶτα
692 3815 719 3869 dl
767 3816 799 3870 13
818 3815 923 3884 plaeere
941 3815 1046 3869 eodde
1092 3815 1125 3869 15
1143 3814 1325 3883 praebuerunt
1342 3812 1372 3868 R

238 3908 270 3960 19
288 3906 442 3975 praecipere
461 3919 478 3960 e
544 3904 579 3958 20
597 3896 761 3957 diffinientes
779 3901 859 3956 ROP
875 3902 1027 3956 difinientes
1045 3915 1063 3956 e
1133 3900 1296 3969 reipublicae
1313 3901 1370 3952 tra·

236 3991 372 4060 diderunt]
391 3993 454 4062 πρὸς
471 3999 548 4044 τοῦτο
567 3990 728 4061 ποιήσασθαι
745 3991 793 4061 τὴν
812 3988 895 4062 ἄλλην
913 3988 984 4049 τάξιν
1002 3995 1047 4041 τοῦ
1060 3987 1246 4060 πολιτεύματος
1308 3987 1370 4054 qui-

236 4080 333 4133 deme
387 4081 418 4133 21
440 4079 623 4147 relinquerent
640 4079 667 4131 P
736 4078 808 4148 petis
826 4077 880 4130 LB
951 4075 1070 4146 quidem]
1089 4075 1257 4145 siquideme
1329 4078 1370 4137 ut,

236 4169 296 4221 tin
312 4184 368 4222 rae.
387 4167 427 4221 13¹
480 4167 514 4220 22
534 4166 605 4234 quod
623 4166 649 4219 L
724 4166 802 4235 haee]
823 4165 898 4219 adest
916 4181 935 4218 a
955 4163 1069 4219 Graecia
1129 4163 1280 4218 rethoricus
1298 4161 1372 4217 codd
