3036 4756
237 275 279 339 50
461 271 606 329 Contra
633 275 815 343 Apionam
837 275 860 340 1,
880 276 1022 331 223-226
1042 275 1138 346 (XXV)

235 464 322 530 modi
345 469 526 531 causaest:
550 467 695 532 uolentes
718 468 867 552 Aegyptii
890 473 1047 552 praestare
1071 470 1230 552 aliquibus
1253 471 1365 534 uerita

235 573 300 634 tem
323 588 519 654 corrumpere
542 574 786 655 temptauerunt,
821 575 854 638 et
874 593 974 656 noque
997 575 1168 639 aduentum
1190 575 1222 639 in
1244 575 1368 658 Aegyp·

234 680 304 742 tum
334 680 512 744 nostrorum
543 679 790 762 progenitorum,
822 679 918 745 sicuti
950 680 1093 764 contigit,
1125 682 1200 745 sunt
1231 681 1367 746 confessi

147 778 212 841 224
234 802 291 849 nec
308 803 417 849 rursus
436 802 597 867 egressum
622 803 694 849 cum
717 785 851 850 uariata
874 785 1027 863 dixerunt,
1050 787 1231 868 multasque
1254 804 1366 851 causas

235 889 299 954 odii
321 908 358 953 ac
379 888 517 955 inuidiae
544 889 660 971 pariter
681 890 868 969 habuerunt,
895 891 1048 974 principio
1076 890 1213 973 quidem,
1237 891 1312 974 quia
1332 891 1364 955 in
1395 916 1408 957 ι

234 1014 343 1059 eorum
364 995 491 1080 regione
514 995 613 1060 nostri
634 996 848 1079 progenitores
870 1000 1014 1080 potentes
1042 996 1145 1061 effecti
1172 1000 1256 1074 sunt,
1283 996 1365 1060 uode

232 1100 370 1183 regressi
393 1099 431 1164 ad
453 1100 578 1183 propria
600 1099 701 1165 denuo
724 1099 811 1165 fuere
834 1101 952 1167 felices.
984 1101 1096 1166 deinde
1122 1102 1234 1167 borum
1256 1102 1365 1165 aduer-

234 1205 313 1269 sitaa
344 1205 462 1269 multas
493 1205 576 1270 inter
605 1224 657 1270 eos
684 1205 762 1271 fecit
786 1205 969 1272 inimicitiae
995 1207 1028 1270 in
1055 1208 1179 1272 tantum
1206 1206 1365 1271 differente

233 1312 341 1374 nostra
368 1311 486 1395 pietate
514 1315 600 1377 extra
627 1310 855 1376 sollemnitates
878 1311 1015 1388 illorum,
1039 1315 1156 1394 quanto
1180 1310 1231 1389 dei
1253 1313 1365 1388 natura

145 1409 209 1474 225
233 1414 421 1480 animalibus
443 1415 714 1483 inrationabilibus
737 1418 804 1482 sine
828 1415 1022 1481 dubitatione
1040 1416 1257 1501 distinguitur.
1281 1434 1363 1480 com·
1384 1445 1409 1484 ιι

232 1519 336 1585 munis
359 1539 493 1604 namquo
516 1522 600 1606 apud
620 1523 694 1588 illos
717 1523 798 1587 ritus
823 1522 873 1586 est
893 1521 971 1586 haec
989 1521 1141 1585 arbitrari
1167 1520 1253 1598 deos,
1281 1539 1363 1586 seor-

233 1643 303 1689 sum
335 1644 410 1691 uero
443 1627 561 1712 singuli
600 1628 703 1694 solent
739 1627 873 1692 diuersis
910 1646 947 1692 ea
981 1626 1164 1691 muneribus
1200 1626 1361 1697 bonorare.

231 1730 305 1794 uani
333 1749 370 1795 ac
396 1731 476 1796 fatui
502 1732 583 1797 iuter
609 1751 717 1798 omnes
745 1732 889 1797 homines
917 1735 950 1796 et
977 1731 1015 1797 ab
1042 1731 1133 1796 initio
1161 1731 1209 1795 uti
1232 1731 1270 1794 de
1294 1729 1360 1794 deis

231 1836 323 1900 malis
355 1836 552 1920 opinionibus
587 1838 739 1918 consueti,
767 1841 799 1902 et
829 1842 993 1921 propterea
1018 1855 1217 1919 nequaquam
1244 1835 1362 1899 imitari

230 1944 370 2006 orostram
392 1943 592 2007 honestatem
614 1942 652 2007 de
676 1941 784 2006 diuina
805 1942 925 2007 ratione
947 1945 1127 2024 potueruut,
1154 1941 1361 2022 nitentesque
1381 1972 1404 2010 ra

144 2043 208 2106 226
229 2048 348 2112 multos
371 2051 510 2112 nostram
533 2048 625 2113 zelari
649 2048 919 2113 conuersationem
939 2047 1092 2112 inuidiam
1115 2046 1306 2123 babuerunt;
1330 2048 1362 2110 et

230 2153 269 2217 ad
305 2155 426 2217 tautam
462 2153 640 2218 fatuitatem
676 2174 712 2220 ac
748 2153 1043 2236 pusillanimitatem
1083 2151 1211 2234 quidam
1252 2169 1360 2216 eorum

229 2256 373 2340 perducti
408 2260 493 2335 sunt,
528 2263 565 2322 ut
601 2277 660 2323 nou
699 2278 752 2324 eos
788 2259 920 2343 pigeret,
950 2259 1045 2358 etiam
1077 2259 1184 2322 contra
1215 2256 1359 2338 antiquas

230 2380 359 2427 suorum
383 2362 569 2445 scriptiones
593 2364 698 2446 aliqua
721 2364 834 2431 dicere.
867 2364 922 2446 qui
945 2364 1019 2428 dum
1041 2363 1103 2428 hoc
1128 2361 1258 2441 iaciunt,
1287 2360 1360 2427 sibi·

317 2516 395 2581 LBB.
415 2515 467 2581 ΟΡ,
486 2531 511 2572 e.
530 2546 564 2556 -
583 2517 615 2583 A,
634 2518 676 2574 ed.
695 2534 734 2588 pr.

223 2621 318 2690 platta
332 2621 379 2676 aui
394 2627 427 2675 at
443 2622 556 2676 uidetur
571 2624 698 2677 turbatus
760 2641 839 2694 saepe
858 2626 1005 2694 gestarum]
1020 2642 1039 2678 c
1052 2624 1167 2679 Graecis
1183 2624 1259 2677 abest
1312 2639 1358 2693 gc·

228 2710 340 2779 starum]
364 2713 556 2779 agnatorum
579 2727 648 2766 corr.
666 2711 693 2766 L
715 2716 852 2782 gestorum
871 2713 926 2769 ΒΡ
1005 2703 1006 2706 “
1028 2712 1184 2767 huiusmodi
1206 2713 1356 2781 causaest]

227 2793 340 2869 ἤρξαντο
354 2798 400 2867 μὲν
413 2814 448 2853 ec.
459 2799 594 2868 Aegyptii,
603 2799 677 2868 quod
688 2817 787 2855 nomes
799 2802 971 2870 aequeattbsse
983 2802 1076 2856 tutavit
1088 2802 1221 2869 interpres
1263 2799 1357 2852 huius·

227 2884 309 2948 modi,
327 2885 338 2937 i
356 2899 389 2938 eea
407 2901 422 2937 o
441 2900 510 2939 corr.
527 2883 555 2937 L
616 2887 628 2940 l
649 2886 953 2958 uolentes—aliquibus]
973 2883 1125 2959 βουλόμενοι
1144 2884 1273 2948 δ’ἰιιιίνοις
1291 2887 1357 2946 τινὲς

227 2969 378 3043 χαρίζεσθαι
447 2972 593 3043 aliquibus]
613 2973 748 3043 aliquibus
766 2976 864 3042 ciuitoc
881 2977 910 3030 P
961 2976 1067 3031 bsicut
1083 2975 1110 3028 L
1180 2974 1314 3043 contingit
1331 2971 1358 3027 R

227 3059 403 3113 trunsumt'
454 3060 606 3131 multasque
625 3064 729 3133 causas]
748 3061 831 3127 αἰτίας
850 3063 876 3116 bt
895 3063 992 3126 πολλὰς
1046 3062 1222 3119 5hodiiLP
1276 3060 1356 3117 lde·

226 3146 300 3217 inde]
319 3146 391 3202 unde
407 3147 436 3203 R
489 3147 667 3203 aduersitates
686 3149 713 3204 L
765 3151 870 3206 8inter
888 3153 945 3221 eoa]
965 3153 1004 3206 eis
1021 3152 1049 3207 R
1102 3155 1180 3205 tanto
1198 3151 1226 3206 R
1279 3149 1356 3203 diffe-

226 3235 314 3290 rentie
328 3236 357 3289 P
406 3237 423 3291 a
442 3239 516 3290 extra
533 3237 728 3292 sollemnitates
746 3241 848 3310 eorum]
863 3242 927 3310 πρὸς
940 3240 988 3311 τὴν
1001 3239 1042 3293 ba'
1057 3238 1161 3292 taeloneo
1174 3236 1357 3310 νενομισμένην

225 3322 284 3377 scit.
304 3320 435 3390 εὐσέβειαν
498 3328 627 3393 quantum
644 3324 688 3380 Le
743 3327 776 3381 10
794 3328 966 3398 animalibus]
984 3327 1018 3382 ab
1037 3327 1198 3382 animalibus
1216 3328 1243 3381 P
1299 3327 1356 3380 sino

226 3408 406 3480 dubitatione]
428 3410 522 3465 addid.
541 3412 673 3481 interpres
744 3414 930 3486 distinguitur]
947 3415 979 3470 bs
991 3433 1026 3469 m.
1040 3417 1129 3485 suppl.
1144 3414 1183 3468 L²
1238 3415 1268 3469 11
1288 3415 1356 3469 ritus

225 3497 297 3568 apud
321 3496 383 3552 illos
407 3503 440 3552 tr.
458 3499 512 3554 Ro
607 3502 686 3570 ritus]
704 3517 755 3556 om.
773 3503 808 3567 P,
827 3502 931 3574 πάτριον
1029 3504 1081 3575 est]
1100 3519 1151 3558 om.
1170 3503 1284 3569 LBRP,
1303 3501 1358 3556 tarr

260 3586 339 3655 baec]
359 3586 462 3642 alioue
534 3588 694 3644 arbitratio
754 3592 786 3645 12
805 3592 879 3662 nero]
898 3607 986 3649 noue
1058 3592 1172 3662 singuli]
1192 3594 1255 3663 πρὸς
1274 3591 1355 3664 ἀλλή-

224 3673 285 3737 λους
337 3675 370 3729 ld
388 3675 459 3728 inter
477 3678 578 3746 omnes]
597 3693 689 3731 omnes
708 3693 732 3742 e,
751 3679 910 3733 παντάπασιν
965 3683 1004 3751 et]
1023 3697 1041 3733 c
1061 3680 1176 3736 Graecia
1194 3681 1269 3736 abeat
1322 3679 1355 3734 de

224 3759 293 3830 deis]
306 3762 412 3831 scripsi,
422 3762 455 3817 de
468 3763 642 3821 bisLBGPe
656 3766 695 3820 eis
704 3766 741 3830 R,
755 3767 812 3838 aopi
823 3769 894 3821 θιῶν
950 3770 982 3822 14
997 3769 1036 3838 et]
1050 3769 1132 3823 teser,
1146 3769 1286 3838 interpres,
1298 3784 1356 3823 noo

223 3849 255 3901 to
275 3848 549 3906 (incandescentes
614 3856 767 3926 propterea]
787 3859 883 3926 postea
899 3857 927 3912 R
981 3858 1015 3911 15
1033 3856 1077 3927 de]
1098 3874 1148 3911 om.
1168 3857 1195 3912 R
1263 3857 1356 3911 diuina

224 3935 337 4006 ratione]
352 3935 490 4008 beolcqtae
543 3941 697 4011 potuerunt]
713 3939 851 4014 ἐχώρησαν
907 3946 938 3998 17
953 3945 1054 4015 eorum]
1069 3961 1100 3999 eo
1114 3944 1158 4000 Le
1214 3944 1246 3998 18
1263 3947 1355 3998 contra

224 4023 360 4095 antiquas]
379 4025 489 4095 exiguus
506 4027 534 4082 R
599 4029 632 4082 19
650 4029 821 4100 scriptionem
841 4031 868 4084 B
956 4032 1011 4102 qui]
1031 4033 1103 4102 quod
1120 4032 1190 4088 LPe
1279 4032 1353 4100 dum]

224 4152 318 4194 cuma
388 4106 469 4193 uo‘n
