3036 4756
382 327 528 384 Contra
553 327 1094 399 apionem11,84-89(v11.vl11)
1259 329 1299 392 91

171 522 396 597 Damascenus‚
424 521 608 606 Timagenes
636 523 669 586 st
696 520 807 587 Castor
827 525 1011 605 temporum
1043 520 1239 602 conscriptor
1270 520 1303 582 et

171 626 396 711 Apollodorum
434 645 541 691 omnes
575 626 683 691 dicunt
713 627 855 710 pecuniis
886 627 1078 710 indigentem
1109 624 1302 690 Antiochum

171 739 403 817 transgressum
439 731 566 796 foedera
600 732 787 797 Iudaeorum
824 732 997 816 expoliasse
1034 732 1189 815 templum
1226 748 1301 794 auro

172 842 363 924 argentoque
390 839 529 925 plenum.
560 839 638 902 haec
664 838 762 921 igitur
788 839 890 920 Apion
918 837 1028 910 debuit
1053 838 1218 922 respicere,
1242 835 1303 900 nisi
1313 835 1356 900 85

141 964 226 1010 soor
258 943 336 1008 asini
367 944 437 1025 ipse
468 943 576 1025 potius
608 942 772 1009 habuisset
803 947 835 1009 et
865 943 1092 1025 impudentiam
1123 942 1219 1019 canis,
1249 940 1304 1022 qui

172 1049 256 1132 apud
278 1049 365 1132 ipsos
389 1051 508 1114 assolet
530 1049 606 1125 ooli;
629 1068 730 1131 neque
753 1049 835 1114 enim
860 1049 1054 1114 extrinsecus
1077 1049 1185 1132 aliqua
1209 1047 1304 1111 ratio·

110 1160 113 1167 '
172 1156 327 1221 cinctione
363 1154 515 1220 mentitus
552 1159 610 1219 est.
641 1173 704 1223 uos
740 1157 847 1238 itaque
884 1155 980 1220 asinis
1016 1173 1117 1237 neque
1153 1153 1302 1219 honorem
1314 1151 1357 1215 86

172 1281 272 1344 neque
299 1264 490 1343 potestatem
517 1261 653 1343 aliquam
683 1261 804 1335 damus,
833 1261 917 1326 sicut
947 1261 1094 1346 Aegyptii
1126 1259 1304 1324 crocodillis

173 1373 205 1433 et
232 1367 405 1449 aspidibus,
433 1366 556 1448 quando
580 1385 644 1445 eos,
669 1368 722 1450 qui
745 1368 783 1432 ab
806 1367 879 1432 istis
900 1367 1083 1432 mordentur
1105 1369 1137 1430 et
1160 1383 1178 1428 a
1201 1382 1305 1429 croco·

114 1494 156 1536 -u
173 1474 260 1540 dillis
287 1473 460 1555 rapiuntur,
488 1472 597 1537 felices
625 1476 668 1537 et⁴
685 1472 743 1538 deo
772 1473 883 1557 dignos
912 1473 1110 1538 arbitrantur.
1143 1470 1199 1536 sed
1231 1468 1356 1534 sunt87

173 1579 256 1661 apud
282 1599 340 1644 nos
368 1578 458 1656 asini,
487 1578 572 1660 quod
599 1577 681 1661 apud
709 1579 788 1644 alios
811 1579 969 1660 sapientes
993 1579 1091 1656 uiros,
1115 1596 1208 1642 onera
1231 1575 1304 1640 sibi·

172 1690 239 1750 met
261 1683 411 1767 imposita
433 1684 624 1748 sustinentes
648 1688 689 1760 et,
712 1683 787 1749 licet
818 1684 868 1748 ad
884 1703 970 1749 areas
994 1683 1178 1749 accedentes
1203 1700 1305 1747 come-

173 1791 248 1856 dant
283 1794 338 1854 aut
374 1790 457 1853 uiam
493 1789 685 1871 propositam
721 1808 782 1854 nou
818 1789 1020 1872 adimpleant,
1057 1789 1175 1853 multas
1201 1787 1304 1876 ¹ualde

173 1896 283 1980 plagas
316 1895 475 1978 accipiunt
507 1894 622 1977 quippe
654 1895 800 1977 operibus
832 1897 865 1959 et
890 1894 929 1959 ad
957 1895 1183 1979 agriculturam
1209 1892 1305 1958 rebus

131 2021 156 2061 n
173 1998 359 2065 necessariis
396 1999 624 2073 ministrantem
657 1997 713 2063 sed
744 2003 800 2062 aut
831 2000 970 2064 omnium
1003 1998 1213 2084 gurdissimus
1244 1993 1358 2061 iuit88

172 2105 275 2188 Apion
307 2104 346 2168 ad
378 2103 625 2185 componendum
657 2104 754 2168 uerba
784 2103 918 2182 fallacia,
951 2107 1006 2169 aut
1037 2107 1120 2170 certe
1148 2123 1184 2168 ex
1210 2102 1305 2168 rebus

172 2211 265 2275 initia
291 2228 418 2274 sumens
445 2210 523 2273 baec
548 2207 678 2290 implere
706 2228 767 2273 nou
794 2210 907 2293 ualuit,
936 2210 1059 2294 quando
1086 2210 1174 2275 nulla
1201 2211 1307 2293 potest

173 2299 360 2381 coutra'nos
381 2315 577 2397 blasphemia
598 2315 772 2398 prouenire.

219 2421 305 2485 Vlll.
327 2420 469 2485 Alteram
491 2439 566 2485 uero
588 2420 728 2485 fabulam
752 2420 952 2506 derogatione
982 2425 1089 2487 nostra
1115 2423 1248 2505 plenam·
1268 2417 1359 2484 (1089

130 2549 158 2592 so
176 2527 304 2593 Graecis
332 2527 494 2609 apposuit;
527 2525 566 2590 do
593 2545 654 2608 quo
682 2527 741 2596 hoo
769 2526 870 2591 dicere
898 2527 1042 2604 asterii,
1071 2527 1219 2610 quoniam
1252 2525 1306 2608 qui

175 2633 213 2697 de
240 2634 358 2715 pietate
384 2631 473 2713 loqui
499 2635 705 2714 praesumunt
728 2635 851 2713 oportet
873 2651 926 2698 eos
950 2651 1010 2697 non
1033 2632 1177 2717 ignorare
1201 2632 1306 2696 miuus

264 2819 342 2883 LBR,
362 2818 413 2879 ΟΡ.
433 2835 458 2876 ο.
477 2851 510 2860 -

214 2951 417 3006 ltama'sceuus
434 2950 463 3004 P
531 2950 676 3020 timagenis
693 2951 802 3006 LBOP
817 2951 956 3022 timaginis
974 2951 1001 3007 R
1076 2956 1225 3023 temporum
1245 2970 1308 3007 con·

178 3040 303 3108 scriptor]
319 3038 536 3109 chronographus
553 3038 682 3094 Gelenius
716 3029 850 3109 somnes]
866 3041 912 3111 qui
925 3057 1016 3094 omnes
1031 3041 1160 3096 Gelenius
1196 3041 1308 3111 Sphae-

179 3127 226 3181 dra
243 3125 270 3179 L
287 3125 405 3196 phodere
423 3127 450 3180 B
530 3127 689 3198 expoliasse]
708 3128 793 3183 lt'icse
810 3133 839 3182 et
856 3129 986 3199 spoliasse
1005 3129 1082 3184 codd.
1101 3143 1118 3184 a
1188 3131 1206 3183 4
1224 3129 1310 3199 igitur

180 3214 319 3283 -debuit]
338 3215 369 3268 ia
386 3230 443 3268 raa.
456 3213 491 3280 Β,
510 3220 595 3269 antea
613 3232 643 3269 ec
661 3217 746 3285 igitur
763 3217 841 3287 apion
855 3218 942 3285 fuisse
955 3218 1085 3272 uidentur
1138 3217 1155 3270 5
1173 3217 1231 3287 qui]
1246 3217 1309 3286 quia

178 3301 206 3356 R
224 3299 295 3370 quod
312 3299 386 3354 Pet
404 3301 450 3369 qui
468 3300 508 3356 ed.
535 3301 622 3356 Venet.
640 3305 718 3356 1486
771 3302 888 3373 dipsos]
907 3303 968 3358 illos
985 3304 1013 3359 R
1076 3306 1163 3358 asolet
1180 3303 1207 3358 L
1265 3320 1309 3359 ex·

177 3387 320 3457 trinsecus]
339 3387 358 3440 i.
377 3403 398 3444 e.
417 3386 629 3450 ἴξωθσν--εἰηο
707 3389 807 3460 aliqua]
826 3391 916 3446 aliae
978 3393 993 3446 7
1012 3408 1098 3462 nsque
1117 3392 1257 3462 honoram]
1277 3408 1311 3446 aa

179 3518 228 3556 nec
245 3501 379 3556 bononem
398 3517 467 3557 corr.
486 3502 524 3556 Βι
579 3503 595 3556 8
613 3503 763 3558 trocodillis
781 3505 834 3558 LB
853 3472 993 3567 crocodilis
1006 3506 1034 3562 R
1048 3510 1079 3574 (s.
1093 3506 1143 3574 1³²)
1159 3505 1310 3561 cocodrillis

182 3589 231 3643 ΗΡ
282 3589 397 3653 tibiatis
415 3588 442 3643 L
502 3589 653 3646 corcodillis
671 3592 698 3645 Β
715 3590 865 3646 cocodrillis
887 3592 935 3647 ΟΡ
952 3593 1092 3648 crocodilis
1109 3595 1141 3649 in
1159 3593 1311 3648 cocodrillis

179 3682 244 3730 saut.
262 3675 303 3732 B’
373 3678 406 3733 10
425 3677 531 3747 dignos]
550 3679 651 3733 emend.
670 3679 770 3734 Solius
787 3680 827 3736 ed.
849 3681 905 3737 Col.
925 3684 1000 3735 1524
1020 3682 1095 3752 digni
1114 3681 1185 3737 codd
1201 3696 1218 3737 a
1236 3697 1310 3735 ama·

180 3765 248 3819 biles
268 3768 296 3818 et
314 3764 390 3834 digni
407 3765 435 3820 R
500 3766 532 3819 12
550 3766 626 3835 licet]
646 3767 669 3819 si
691 3767 820 3821 Gelenius
890 3769 975 3838 meas]
995 3769 1122 3825 arcbase
1186 3770 1219 3824 13
1238 3770 1310 3823 uiam

180 3853 355 3922 propositam]
375 3853 548 3924 propositas
603 3854 635 3907 14
655 3854 700 3923 ad]
719 3871 770 3908 om.
789 3854 816 3908 B
871 3857 903 3911 15
921 3856 1135 3911 ministrantibus
1154 3856 1182 3912 R
1252 3857 1311 3927 sed]

180 3941 298 4008 soriam
316 3941 372 3994 sio?
469 3940 657 4011 gurdissimus]
677 3941 849 3997 surdissimus
867 3943 905 3997 L³
916 3943 952 3998 Cr
974 3943 1131 3998 rudissimns
1150 3943 1251 4000 Solius
1269 3946 1310 4000 ed.

184 4027 277 4082 Colore
302 4032 377 4081 1524
472 4030 505 4083 16
530 4045 560 4082 ex
585 4028 675 4098 rebus]
701 4031 732 4083 ia
756 4029 799 4084 bis
822 4030 919 4086 besem
1019 4033 1051 4087 17
1079 4032 1170 4102 initia]
1194 4033 1263 4086 iutia
1284 4034 1313 4086 B

184 4116 215 4170 19
243 4116 317 4183 uero]
338 4132 391 4170 non
409 4116 437 4171 R
543 4115 744 4186 derogationem
764 4123 882 4172 nostram
900 4119 955 4175 BR
973 4119 1131 4190 derogatine
1148 4123 1268 4176 nostram
1286 4121 1315 4176 P

181 4203 216 4258 20
234 4204 301 4256 satis
322 4203 371 4256 ΟΡ
