3036 4756
409 277 553 334 Contra
578 277 760 347 Apionem
782 275 819 340 11,
837 275 978 331 224-228
997 274 1105 342 (XXXI)
1259 276 1322 340 125

194 472 350 557 siquidem
377 472 469 536 Plato
496 471 657 535 consessus
686 473 745 546 est,
773 459 848 553 qnia
871 487 980 559 ueram
993 468 1041 533 vde
1065 466 1122 532 deo
1147 464 1323 550 opinionem

194 583 320 664 propter
353 577 562 661 ignorantiam
598 575 699 659 plebis
736 576 871 659 proferre
902 592 1048 639 secnmm
1080 591 1139 637 nnn
1172 575 1231 637 est.
1268 570 1325 636 sed
1347 576 1410 641 225

195 685 336 750 Platonis
364 683 491 766 quidem
519 682 615 748 uerba
641 700 723 746 nana
750 699 820 747 esse
846 683 960 762 putant
986 683 1018 744 et
1043 679 1144 744 multa
1161 680 1324 761 potestate

196 789 372 875 composita
385 791 529 871 <at>qne
543 788 720 870 conscripta
734 790 766 852 et
778 787 910 852 maxime
926 786 963 851 de
981 784 1179 871 legislatione
1188 770 1324 866 prolata.

165 894 331 980 ubycurgi
357 912 432 959 uero
458 893 611 958 mirantur
637 897 669 957 et
692 892 836 975 Spartam
862 891 967 957 cuncti
994 889 1221 967 concelebrant,
1250 907 1326 971 quo·

196 1001 280 1066 niam
316 999 442 1064 illnmm
477 998 603 1083 legibus
639 998 775 1081 plurimo
810 1000 952 1081 tempore
986 996 1204 1078 perdurarunt.
1250 1013 1324 1078 ergo
1348 997 1413 1062 226

196 1107 256 1172 hoc
283 1105 486 1170 manifestum
513 1103 643 1170 uirtutis
671 1103 821 1168 indicium
850 1106 899 1168 eat
924 1102 957 1167 in
982 1102 1108 1186 legibus
1134 1118 1325 1184 permanere.

197 1211 225 1275 si
252 1229 326 1276 nero
349 1210 664 1276 Lacedaemoniorum
690 1209 895 1274 ammirantur
919 1208 1047 1273 illorum
1073 1210 1211 1291 tempus,
1238 1224 1327 1271 essu·

197 1321 285 1381 mant
311 1316 447 1381 scientes
473 1315 609 1399 amplius
637 1315 759 1380 duobus
785 1314 915 1379 milibus
938 1314 1026 1378 annis
1049 1316 1187 1378 nostram
1211 1311 1327 1377 consti·

154 1443 180 1485 ro
196 1422 276 1488 tissa
306 1421 531 1505 rempublicam
560 1424 592 1486 et
618 1440 712 1504 super
745 1417 834 1485 baec
858 1420 967 1497 sciant,
996 1419 1142 1502 qnoniam
1173 1417 1327 1483 Lacedae·
1349 1420 1412 1484 227

197 1527 295 1593 monii
317 1526 444 1609 quidem
468 1527 551 1592 omni
573 1530 723 1609 tempore,
747 1545 807 1609 quo
832 1525 915 1608 apud
933 1525 1120 1590 rehabuere
1138 1523 1327 1597 libertatem,

198 1633 335 1716 perfecte
357 1632 421 1698 uisi
443 1637 518 1698 sunt
540 1632 717 1716 custodisse
739 1633 838 1716 leges,
861 1651 934 1697 cum
956 1651 1031 1696 uero
1054 1631 1137 1696 cirea
1155 1648 1208 1694 eos
1227 1628 1328 1694 iactae

199 1743 275 1804 sunt
296 1740 437 1805 fortunae
460 1739 661 1815 mutationes,
684 1756 781 1822 paene
804 1739 986 1802 cunctarum
1008 1738 1115 1822 legum
1134 1735 1226 1801 obliti
1244 1734 1327 1800 sunt.

199 1863 256 1910 nos
279 1846 385 1909 autem
408 1844 518 1909 multis
542 1843 667 1909 casibus
690 1844 810 1908 euoluti
833 1831 1087 1928 p1·opterregum
1111 1841 1205 1906 Asiae
1227 1842 1328 1904 muta-
1351 1842 1415 1908 228

157 1971 181 2010 1⁶
199 1953 301 2017 tiones
328 1969 429 2033 neque
456 1951 488 2015 in
516 1949 697 2015 nouissimis
724 1949 815 2014 malis
842 1949 1004 2014 uenientes
1028 1968 1046 2013 a
1066 1948 1191 2034 legibus
1218 1962 1328 2010 sumus

198 2057 334 2130 alienati,
350 2050 422 2121 ¹non
449 2055 622 2122 uacationis
650 2073 707 2120 nec
735 2056 921 2138 epulationis
949 2073 1044 2120 causa
1070 2056 1232 2120 seruantes
1265 2067 1328 2124 aas,

288 2272 366 2336 LBR,
386 2270 438 2334 ΟΡ,
458 2287 482 2327 e.
501 2301 535 2311 -
553 2270 643 2325 Euseb
660 2272 692 2333 Δ,
712 2269 752 2324 ecl
772 2287 810 2341 pr.

237 2491 359 2561 lplecte
380 2497 407 2555 (a
424 2506 446 2546 a
465 2487 558 2556 ΕΜ
594 2488 753 2559 ipropter]
775 2484 811 2550 εἰς
863 2489 1055 2559 ignorantiam]
1076 2485 1180 2559 ἄγνοιαν
1197 2493 1222 2545 Δ
1240 2487 1329 2543 ἄνοιαν

199 2578 291 2632 Euoeb
397 2575 514 2647 preferre
530 2575 559 2631 R
647 2575 781 2644 3uerba]
800 2574 893 2647 λόγους
911 2579 977 2639 τινὲς
995 2576 1086 2631 Euecb
1105 2575 1199 2648 νόμους
1217 2578 1330 2639 τινὰςΔ

199 2667 218 2719 4
235 2662 384 2734 composita
402 2669 483 2733 atque
502 2663 663 2734 conscripta]
683 2677 700 2720 o
718 2664 918 2734 compositaque
937 2665 1087 2734 conscripta
1100 2662 1206 2718 LBCP
1222 2681 1329 2734 compo·

201 2753 254 2807 sita
273 2752 476 2822 conscriptaque
488 2752 515 2806 R
532 2749 821 2823 νιναλλιγραφημένοος
891 2752 1097 2821 et-mirantnr]
1112 2749 1223 2824 pulnere
1237 2748 1263 2802 δὲ
1278 2758 1329 2806 τῶν

200 2841 350 2911 νομοθετῶν
368 2842 516 2912 Λυκοῦργον
534 2858 562 2893 τι
580 2835 744 2908 θαυμάζουσι
762 2837 952 2910 (rebcopciacnc
968 2840 1070 2906 Ercecb)
1170 2841 1284 2894 maxima
1301 2838 1330 2894 R

201 2929 343 3001 ilygurgi
360 2928 388 2984 12
405 2929 511 2997 licurgii
529 2927 579 2981 GP
647 2926 767 2996 spartani
782 2926 811 2982 R
828 2928 979 2997 spartanis
995 2931 1123 2998 spartam,
1136 2944 1179 2982 arn
1192 2926 1332 2982 taraco

202 3017 217 3071 6
244 3016 363 3085 illorum]
386 3013 483 3068 lairen
504 3015 524 3068 ι’.
543 3031 565 3069 c.
583 3013 732 3085 Aoaebproo
838 3016 1026 3086 perdurarunt]
1046 3013 1221 3086 laaprr'prpcuu
1238 3015 1330 3070 Euocb

199 3100 308 3175 ἧνιγιεν
325 3106 349 3158 Δ
428 3102 656 3173 ergo-indicium
675 3103 727 3172 est]
747 3101 839 3156 οὐκοῦν
857 3109 932 3156 τοῦτο
951 3106 996 3174 μὲν
1015 3101 1197 3174 ὡμολογὴαθω
1216 3102 1329 3175 (ὡμολο-
1362 3116 1366 3122 ·

200 3189 299 3262 patebo
317 3193 341 3245 Δ
357 3191 460 3258 Eacaeb)
480 3188 616 3261 τεκμήριον
636 3187 730 3260 ἀρετῆς
750 3185 813 3244 εἶναι
866 3191 961 3261 lhoc]
980 3207 1030 3245 om.
1048 3190 1076 3246 B
1146 3191 1330 3261 manifestum]

200 3279 343 3334 manifeste
356 3278 383 3332 Β
401 3296 434 3332 cc
451 3276 687 3332 malornmll'estnm
706 3294 773 3335 corr.
787 3278 825 3331 P¹
889 3279 954 3334 <boc
972 3278 1189 3334 est>nirtntis1t
1259 3278 1329 3332 iudi·

202 3366 271 3421 cium
287 3367 317 3423 12
386 3367 437 3436 est]
457 3382 506 3422 om.
526 3366 554 3422 R
631 3366 689 3421 eei
707 3366 842 3420 nero-10
860 3366 1062 3436 rempublicam]
1081 3367 1214 3435 interpres
1225 3382 1331 3434 porum

201 3471 300 3509 sonum
318 3454 480 3522 coeroplora'a
495 3453 658 3507 aroi'tectum
674 3458 782 3506 aecutua
793 3458 927 3521 wantum
939 3455 1033 3522 potuit
1045 3453 1208 3521 probabilia
1220 3453 1330 3522 confor-

201 3559 276 3598 mare
292 3541 400 3597 studuit
470 3540 751 3609 Lacedaemoniorum]
765 3536 983 3612 Δὰνεδαιμονίους
1007 3524 1011 3534 “
1053 3543 1191 3594 assumant
1203 3542 1331 3611 scientes]

204 3628 574 3700 ἁντιπαραλαμβανέτωσανΛ
596 3646 629 3683 ca·
642 3629 703 3698 'paco
725 3629 780 3684 orti
802 3635 867 3683 acac
887 3629 1042 3698 interpret&
1062 3645 1173 3688 errores.
1193 3629 1331 3701 ἀντιπαρα-

203 3714 370 3783 βαλλὲτωοαν
387 3722 457 3772 recte
472 3717 563 3772 Eruet
626 3717 642 3771 9
661 3717 750 3786 annis]
770 3717 845 3770 annia
864 3720 935 3782 ante,
954 3720 1016 3771 ante
1033 3718 1105 3771 irater
1121 3733 1190 3771 uera.
1211 3716 1275 3772 odd.
1297 3715 1332 3771 θ’

238 3802 402 3872 constitisse]
422 3803 634 3872 addiceremus
687 3805 719 3858 ll
739 3803 858 3874 quidem]
877 3805 960 3875 pirri
978 3804 1053 3858 abeat
1071 3804 1106 3858 ob
1124 3803 1216 3858 nmen
1269 3802 1329 3868 sed·

203 3887 320 3943 habuere
338 3890 365 3944 L
420 3891 452 3945 12
471 3892 548 3947 nais
603 3892 636 3946 14
648 3891 814 3952 <e1>mnltis
831 3890 859 3946 R
931 3891 1044 3960 enolnti]
1063 3891 1151 3945 uoluti
1168 3890 1196 3946 R
1214 3891 1330 3944 enolntia

204 3990 233 4040 er
252 3976 369 4031 inuoluti
383 3979 486 4034 conicio
500 3981 535 4048 cs.
549 3981 570 4034 I
579 3978 600 4051 5
613 3981 673 4034 285
743 3995 853 4048 regnum
867 3978 895 4034 R
951 3980 982 4033 15
1000 3980 1127 4033 ueniente
1141 3979 1168 4033 R
1239 3994 1331 4032 sununs

204 4063 323 4134 alienati]
342 4065 487 4137 speci-sepse
504 4071 529 4122 A
545 4066 688 4138 apnbbnpsv
705 4067 797 4121 Euocb
815 4068 862 4136 qui
879 4067 924 4122 bic
940 4068 1051 4137 explicit
1105 4068 1137 4121 16
1155 4068 1214 4137 nec]
1234 4082 1287 4120 nou
1303 4065 1331 4120 R

239 4153 412 4223 epulationis]
431 4161 530 4226 τροφῆς
548 4155 614 4226 (pro
632 4153 783 4224 apnptclu
853 4155 944 4224 cansa]
962 4154 1051 4225 gratia
1069 4171 1150 4209 cansa
1165 4154 1194 4210 R
