3036 4756
232 318 274 381 56
387 287 1202 383 cmmnmmmnwcmfflmmm)

142 504 206 568 248
229 548 274 579 m
297 509 459 575 Amenufin
481 508 606 574 fuerant
628 509 754 574 deducti
778 509 816 573 ad
838 509 915 575 fines
937 508 1121 594 Aegyptios.
1145 509 1229 573 etin
1252 508 1360 574 Aethi·

230 617 303 697 opia
330 615 456 698 quidem
485 616 561 680 haec
590 619 680 699 gesta
708 618 791 680 sunt.
825 614 997 698 Solymitae
1028 634 1103 681 uero
1136 615 1359 681 descendentes

230 740 301 785 cum
328 721 406 785 uiris
434 720 564 802 pollutis
591 720 817 804 Aegyptiorum
851 721 896 784 sic
928 721 1064 803 pessime
1096 720 1276 785 hominibus
1308 723 1361 787 usi

230 828 313 897 sunt,
342 827 511 889 uteorum
540 824 673 890 uictoria
700 827 785 890 esset
811 824 903 888 nimis
935 826 1074 906 pessima
1105 824 1165 902 his,
1198 826 1252 908 qui
1283 829 1360 892 tunc

143 927 207 1003 249
230 950 337 997 eorum
360 930 528 1013 inpietates
550 929 771 1011 inspiciebant3
796 947 854 993 non
880 930 983 994 solum
1006 931 1120 994 etenim
1152 931 1298 996 ciuitates
1329 934 1362 996 et
1392 950 1405 990 a

231 1036 319 1100 uicos
357 1038 635 1100 concremauerunt
671 1035 835 1118 sacrilegia
870 1034 1020 1101 facientes
1053 1038 1086 1100 et
1117 1036 1246 1100 deorum
1276 1036 1361 1102 idola

231 1142 442 1217 deuastantes,
471 1141 528 1204 sed
555 1141 650 1205 etiam
676 1140 747 1223 ipsa
773 1158 862 1204 sacru
888 1140 1035 1205 animalia
1067 1159 1147 1222 quae
1178 1141 1361 1206 colebantur

231 1246 448 1311 crudelissime
481 1245 714 1327 discerpserunt
745 1249 956 1328 peremptores
989 1249 1020 1309 et
1056 1245 1211 1310 occisores
1248 1247 1360 1312 homan

232 1350 410 1416 sacerdotes
433 1354 527 1432 atque
551 1351 718 1433 prophetas
742 1370 813 1415 esse
836 1354 993 1434 cogentes,
1017 1369 1095 1434 quos
1116 1351 1209 1415 etiam
1229 1353 1362 1433 expelle·

145 1455 210 1518 250
230 1457 307 1520 bant
337 1455 447 1521 nudos.
479 1455 594 1520 dicitur
624 1456 740 1538 itaque,
765 1456 838 1538 quia
864 1456 1115 1520 conuersationes
1144 1460 1176 1520 et
1201 1457 1288 1540 leges
1316 1459 1361 1522 eis
1383 1481 1406 1520 ιο

233 1561 411 1644 composuit
456 1561 599 1626 sacerdos
646 1560 783 1643 quidam,
824 1580 936 1645 genere
976 1561 1197 1644 Heliopolites,
1237 1563 1361 1627 nomine

233 1666 389 1731 Osarsifns
425 1669 557 1731 uocatus
590 1685 625 1730 er
655 1666 778 1731 nonuine
811 1664 938 1730 Osireos
968 1666 1193 1748 Heliopolitani
1224 1667 1284 1746 dei,
1308 1668 1362 1751 qui

233 1770 309 1835 dum
332 1789 502 1836 conuersus
525 1770 640 1835 fuisset
663 1771 784 1835 adhoc
811 1790 911 1854 genus
944 1772 1080 1838 mumuit
1108 1791 1219 1836 nomen
1248 1777 1280 1837 et
1306 1791 1361 1838 uo·

234 1879 323 1940 catus
346 1879 396 1940 est
417 1876 573 1959 Moyses.“

147 1981 209 2046 251
277 1981 406 2046 XXVII.
431 1979 518 2060 Quae
541 2001 614 2046 uero
633 1980 781 2065 Aegyptii
800 1980 838 2045 de
856 1981 980 2046 Iudaeis
998 1983 1160 2063 proferunt
1181 1983 1258 2048 haec
1276 1986 1361 2061 sunt,
1381 2003 1405 2042 a

234 2086 291 2150 sed
327 2089 359 2150 et
393 2087 454 2151 alia
485 2088 587 2151 multa
618 2087 782 2151 breuitatis
815 2104 910 2150 causa
941 2089 1110 2168 praetereo.
1149 2088 1225 2152 dicit
1255 2091 1362 2152 autem

233 2210 342 2259 rrrrsus
365 2193 544 2267 Manethon,
568 2193 641 2274 quia
662 2196 774 2274 postea
794 2191 952 2257 Amenufis
976 2212 1011 2257 ex
1032 2191 1176 2277 Aegypto
1200 2193 1361 2276 digressus

234 2300 284 2361 est
307 2317 378 2362 cum
401 2317 514 2382 magna
537 2299 664 2376 uirtute,
694 2299 788 2364 simul
816 2301 848 2362 et
873 2297 958 2362 filius
987 2298 1055 2363 eius
1082 2298 1207 2362 Ramsis
1235 2299 1361 2380 etipse

235 2403 352 2468 habens
375 2424 523 2488 magnum
548 2405 728 2470 exercitum.
753 2408 784 2469 et
807 2405 965 2487 congressi
985 2404 1075 2468 ambo
1094 2408 1202 2468 contra
1220 2407 1361 2487 pastores

321 2696 736 2766 mama-amp

234 2869 284 2939 κήν
306 2867 410 2929 ἐπέταξε
429 2873 482 2930 τοῖς
500 2870 574 2938 παρ’)
593 2866 769 2938 Ἀμονώφεως
781 2873 841 2928 (τοῦ
866 2865 1008 2933 βασιλέως)
1025 2864 1065 2918 inl
1082 2872 1133 2918 τῶν
1153 2863 1230 2934 ὁρίων
1248 2873 1295 2936 τῆς
1314 2864 1362 2918 ΛΞ·

234 2955 337 3025 τύπτου.
355 2956 483 3011 cancellis
500 2957 609 3009 inactuosa
626 2957 657 3009 in
679 2955 813 3008 coertionis
830 2953 952 3008 Latinae
974 2953 1112 3007 codicibus
1130 2952 1230 3006 omissa
1248 2958 1319 3017 sunt,
1333 2952 1365 3006 id

235 3042 316 3110 quud,
339 3044 445 3111 opinor,
468 3060 526 3097 non
550 3049 607 3097 taen
629 3031 769 3110 interpreti
790 3058 872 3110 qaam
895 3040 1034 3110 urchnypi
1058 3040 1174 3093 libratio
1193 3039 1364 3113 tribuendum

235 3136 281 3184 cet.
301 3131 389 3198 planae
406 3132 476 3185 enirn
494 3147 652 3184 censensu
669 3135 783 3184 careant
800 3145 871 3197 qnae
888 3128 996 3196 reliqua
1018 3132 1090 3189 mant,
1110 3127 1244 3181 lacunosa
1261 3126 1363 3180 habue-

235 3220 294 3272 rim.
315 3219 444 3273 eccidisse
460 3220 545 3289 igitur·
554 3224 624 3286 pato
632 3219 694 3287 sere
707 3218 784 3271 hoec:
800 3216 881 3270 etiam
896 3216 1056 3285 Aethiopum
1071 3215 1214 3268 exercitum
1229 3215 1304 3268 misit
1317 3231 1364 3284 pro

237 3306 419 3361 custodiendis
438 3307 476 3360 eis
490 3308 535 3377 qui
549 3324 596 3377 per
609 3323 698 3375 regem
752 3305 865 3373 2haec]
880 3310 986 3358 τοιαῦτα
1057 3301 1219 3357 solenniteG
1270 3302 1364 3372 Spes·

237 3394 315 3462 sirue]
335 3392 445 3457 ἀνοσίως
462 3394 542 3446 autA
595 3395 612 3447 4
631 3396 732 3463 eorunn]
749 3400 800 3447 τῶν
814 3391 1006 3463 προειρημένων
1060 3393 1132 3444 esset
1146 3390 1225 3443 nimis
1238 3391 1366 3459 pessima]

237 3483 333 3554 χρυσὸν
352 3479 485 3551 φαίνεσθαι
537 3483 674 3551 5eorum]
692 3480 788 3536 τούτων
846 3481 1004 3549 inpietatem
1021 3478 1050 3533 R
1111 3477 1324 3547 inspiciebantur
1340 3475 1367 3530 L
1448 3548 1452 3556 ἱ

238 3574 294 3623 lin.
314 3569 342 3622 B
360 3573 415 3635 (-ur
432 3585 499 3625 eras.
518 3569 603 3640 B²Je
675 3569 784 3638 etenirn]
804 3568 848 3620 aui
864 3569 921 3638 γὰρ,
941 3567 1011 3621 enim
1031 3565 1080 3619 GP
1149 3563 1366 3619 &crudelissime

237 3657 446 3726 discerpserunt]
460 3655 588 3720 οπτανίοις
601 3655 730 3730 χρώμενοι
744 3655 870 3710 διετέλουν
930 3657 1096 3724 perpretores
1106 3652 1228 3720 (Ormi
1274 3652 1368 3722 8quos

239 3746 332 3813 etiam]
357 3745 401 3796 aui
490 3744 523 3799 10
541 3745 644 3815 itaque]
666 3759 687 3797 s.
707 3760 777 3798 nens.
796 3743 861 3798 add.
881 3742 916 3806 B,
936 3741 962 3795 a
1053 3742 1084 3795 ll
1104 3739 1271 3810 heliopolitis
1289 3739 1367 3809 (elio-

240 3834 332 3904 politis
351 3833 388 3902 P)
406 3833 483 3888 codd.
502 3848 519 3888 e
623 3833 654 3886 12
682 3830 806 3886 utsrsiias
824 3830 851 3884 L
870 3829 990 3899 crsiphas
1008 3829 1036 3883 R
1054 3826 1205 3897 orsasiphus
1224 3841 1241 3881 e
1259 3825 1367 3897 despuis

204 3929 205 3933 ’
276 3937 382 3991 osyreos
400 3921 428 3975 R
507 3921 562 3990 qui]
583 3920 758 3990 quod(ch
832 3919 864 3973 13
883 3917 1035 3986 conuersus]
1054 3933 1087 3970 en
1105 3915 1225 3970 conuersi
1244 3931 1312 3969 corr.
1331 3913 1369 3967 12¹

277 4011 315 4080 et]
335 4025 385 4063 one.
405 4009 433 4062 Ρ
472 4011 504 4065 16
523 4011 587 4078 alia]
607 4025 656 4063 uin.
677 4023 694 4063 e
751 4008 901 4078 praetereo]
920 4023 954 4060 eac
971 4009 1110 4075 praeterea
1128 4020 1196 4060 corr.
1214 4002 1252 4055 P¹
1271 3999 1288 4053 ἃ
1305 4018 1369 4070 παρ-

243 4100 298 4171 ίημι
316 4099 356 4154 cd.
370 4115 415 4167 pr.
435 4098 494 4168 παρ’
513 4097 616 4170 ἡμῑνΛ
673 4097 703 4150 17
723 4097 858 4166 Aegypto]
879 4091 1012 4154 Αἱθιοοίας
1074 4091 1107 4145 18
1125 4091 1241 4159 Ramsis]
1260 4087 1370 4142 ramensi

244 4186 308 4249 (essi
325 4186 357 4240 in
373 4186 442 4256 ras.)
464 4183 623 4258 G‘Pdplpnc
679 4185 711 4238 19
731 4183 819 4253 aurbu]
839 4198 889 4236 om.
909 4197 926 4237 c
