3036 4756
434 275 578 356 cenare
604 301 787 371 apionem
810 302 845 365 11,
864 302 969 356 ae-aa
989 302 1052 368 (111)
1266 307 1307 371 ro

177 496 376 567 liberatione„
392 495 568 580 Aegyptius
596 495 697 577 Apion
729 497 854 578 praeter
884 494 963 559 alios
997 496 1163 561 innouasse
1196 516 1308 582 cogno·

179 603 286 667 scitur.
310 601 486 666 mirandum
508 604 612 665 tamen
636 618 697 665 non
721 604 780 678 est,
804 601 832 665 si
855 600 892 664 de
915 602 1032 665 nostris
1055 603 1308 686 progenitoribus

178 708 348 772 mentiatur
379 707 487 772 dicens
520 724 574 771 eos
606 725 718 790 genere
748 706 921 790 Aegyptios
955 726 1035 785 esse,
1068 726 1139 772 oum
1171 708 1239 790 ipse
1272 708 1309 774 de
1319 707 1362 769 29

179 816 280 879 semet
314 814 383 896 ipso
421 831 438 876 e
474 811 629 879 contrario
666 810 712 876 sic
749 811 887 886 fallatur,
925 812 979 894 qui
1016 816 1108 878 natus
1146 814 1176 877 in
1214 815 1309 879 Thasi

148 939 161 978 υ
178 919 372 1002 Aegyptiace
394 918 533 983 omnium
551 917 776 1000 Aegyptiorum
796 920 832 982 ut
850 917 895 982 ita
914 916 1016 982 dicam
1035 919 1155 1001 primus
1175 920 1310 985 existens

179 1043 284 1088 ueram
317 1024 444 1106 quidem
471 1023 629 1107 regionem
660 1041 823 1106 genusque
851 1023 981 1106 negauit
1008 1027 1041 1087 et
1066 1024 1309 1091 Alexandrinum

180 1147 213 1193 se
241 1147 310 1194 esse
338 1128 490 1192 mentitus
519 1127 667 1192 duritiam
694 1127 745 1191 sui
778 1127 901 1210 generis
935 1130 985 1192 est
1021 1129 1195 1195 confessus.
1226 1134 1310 1195 recte
1321 1129 1362 1191 30

179 1235 277 1319 igitur
303 1253 382 1316 quos
411 1233 478 1298 odit
505 1236 537 1298 et
564 1233 680 1316 quibus
708 1232 855 1315 derogare
883 1233 955 1297 uult
981 1252 1035 1299 eos
1063 1238 1158 1302 uocat
1188 1237 1310 1320 Aegyp·

179 1341 252 1414 tios,
276 1340 337 1405 nisi
361 1340 444 1404 enim
466 1339 675 1422 prauissimos
699 1356 769 1402 esse
792 1341 900 1402 nosset
917 1338 1103 1422 Aegyptios,
1126 1360 1185 1405 non
1213 1362 1311 1427 genus

138 1467 162 1506 n
181 1446 341 1530 effugeret.
383 1446 548 1530 magnifice
586 1464 721 1527 namque
757 1446 915 1528 sapientes
952 1446 990 1510 de
1026 1447 1208 1530 regionibus
1245 1449 1312 1514 suis

181 1553 355 1636 gloriantur
391 1556 424 1617 et
459 1570 563 1616 earum
604 1551 729 1623 nomine
770 1551 876 1615 uocari
916 1551 1124 1634 congaudent,
1165 1557 1312 1619 nocentes

181 1661 286 1722 autem
313 1678 386 1722 cnm
413 1657 473 1722 hoc
495 1657 627 1722 fecerint
649 1659 681 1720 et
704 1656 821 1721 alienas
846 1638 906 1721 sibi
928 1657 1072 1741 regiones
1101 1658 1312 1741 ascripserint,

182 1783 235 1828 eos
258 1763 351 1829 ualde
373 1762 575 1847 redarguunt.
599 1782 698 1827 unium
721 1762 827 1843 itaque
851 1762 984 1826 duorum
1007 1764 1089 1827 circa
1111 1783 1167 1828 nos
1191 1764 1312 1849 Aegyp·
1324 1762 1362 1825 31

180 1869 219 1932 tii
249 1870 335 1953 passi
371 1870 460 1933 sunt:
497 1869 554 1930 aut
584 1866 668 1930 anim
699 1870 862 1948 tamqnam
895 1867 1065 1950 gloriantes
1097 1868 1249 1933 simulant
1280 1889 1314 1934 se

139 1991 164 2030 ιν
182 1979 319 2040 nostram
341 2010 393 2041 m·
409 1976 465 2038 aut
488 1972 590 2038 socios
614 1992 671 2037 nos
694 1991 770 2036 suae
794 1973 951 2053 nequitiae
974 1974 1117 2038 nituntur
1135 1974 1313 2059 adiungere.

180 2080 375 2149 fortissimus
398 2083 504 2144 autem
527 2078 627 2161 Apion
651 2077 777 2141 uidetur
799 2077 924 2159 quidem
953 2078 1180 2162 blasphemiam
1208 2078 1366 2145 contra32

182 2205 238 2250 nos
262 2186 402 2250 habitam
425 2186 516 2249 uelut
534 2184 690 2265 quandam
709 2183 884 2248 mercedem
903 2183 1119 2249 Alexandrinis
1136 2184 1315 2268 impendero

182 2310 237 2373 pro
266 2291 394 2356 ciuitate
422 2289 484 2354 sibi
511 2289 550 2354 ab
578 2289 623 2353 eis
656 2289 771 2353 collata
803 2291 835 2352 et
866 2289 1038 2371 nequitiam
1072 2309 1179 2364 eorum
1212 2291 1314 2355 sciens

182 2395 308 2461 Iudaeis
339 2393 592 2460 cohabitantibus
623 2393 655 2456 in
679 2389 877 2458 Alexandria
898 2394 1064 2476 proposuit
1100 2395 1247 2479 derogare
1285 2399 1316 2460 et

140 2521 166 2560 ευ
183 2520 239 2584 per
265 2502 325 2566 hoc
352 2520 461 2567 omnes
489 2500 568 2565 alios
597 2518 658 2563 una
686 2498 876 2564 concludens
903 2499 935 2562 in
964 2501 1096 2581 atroque
1127 2498 1317 2583 inpudenter

185 2609 218 2670 et
240 2606 333 2672 ualde
355 2607 508 2672 mentitus
533 2610 593 2671 est.

239 2919 243 2926 ⁶
272 2856 352 2921 Bav,
370 2856 462 2912 CPPa.
481 2889 514 2898 —
533 2857 627 2927 asoa.
645 2874 684 2927 pr.

222 3033 234 3086 l
249 3033 571 3103 praeter-cognoscitur]
587 3031 779 3103 εκαινουυίηυεν
794 3034 864 3104 παρὰ
876 3033 937 3094 τους
951 3030 1046 3092 ἄλλους
1061 3029 1200 3102 ἐπινοήσας
1236 3030 1316 3084 ami-

186 3119 386 3189 raudum—est]
405 3120 448 3174 aad
465 3118 490 3174 τί
505 3140 535 3191 γε
554 3119 593 3173 δεῖ
609 3119 752 3190 θαυμάζειν
840 3121 906 3189 non]
925 3136 976 3174 ono.
996 3118 1023 3171 P
1091 3119 1109 3171 4
1131 3118 1159 3171 in
1177 3117 1270 3186 Thasi]
1287 3114 1315 3167 in

186 3205 274 3261 Ὀυὶυει
292 3209 415 3263 anathasi
427 3208 456 3262 R
510 3213 526 3263 5
545 3207 738 3277 Aegyptiorum
757 3208 875 3262 oninium
894 3214 925 3262 tr.
941 3207 969 3262 R
1023 3208 1038 3259 7
1059 3205 1196 3274 duritiam]
1214 3205 1316 3277 μυχθη·

187 3293 242 3364 ρίαν
327 3296 344 3350 8
363 3297 419 3366 eos]
439 3312 490 3351 om.
515 3295 545 3360 V,
560 3301 625 3364 port
642 3298 722 3348 uocat
740 3300 773 3349 tr.
792 3295 819 3350 R
898 3296 914 3349 9
933 3293 1183 3364 nisi—Aegyptios]
1202 3309 1253 3347 om.
1272 3293 1317 3346 Po

221 3383 381 3454 nisi—esse]
400 3401 450 3438 om.
469 3384 497 3440 Β
576 3384 646 3452 esse]
666 3399 716 3436 om.
740 3382 766 3435 V
833 3386 927 3436 noscet
944 3383 971 3437 R
1042 3381 1201 3452 Aegyptios]
1220 3398 1271 3436 orn.
1290 3380 1318 3435 R

189 3472 222 3526 10
248 3472 304 3526 auis
325 3472 482 3541 regionibus
505 3477 538 3528 tr.
562 3470 607 3524 Pc
697 3470 726 3522 ll
756 3471 895 3539 nocentes]
919 3469 1023 3530 ἀδίκους
1046 3474 1069 3524 Δ
1095 3468 1189 3531 ἀδίκως
1212 3469 1252 3522 cd.
1272 3485 1316 3536 pr.

190 3559 389 3628 raoum1eum
403 3559 431 3612 P
499 3558 680 3628 ascripserint]
701 3558 905 3628 conscripserint
918 3557 945 3612 R
1001 3559 1034 3610 14
1052 3559 1116 3610 sunt
1134 3557 1207 3626 passi
1225 3562 1258 3609 tr.
1273 3555 1318 3609 Po

223 3647 443 3716 simulant-ant}
463 3652 658 3717 εροςευιυῦνται
675 3645 723 3715 τὴν
743 3645 888 3715 ευῃένειαν
905 3645 933 3717 ἢ,
953 3645 1141 3714 cognationem
1153 3680 1168 3706 .
1187 3644 1256 3711 (scil.
1269 3643 1317 3696 ha·

187 3735 281 3805 berei)
293 3736 452 3789 inseruerim
498 3737 530 3790 15
548 3735 608 3803 noe]
627 3750 677 3788 noa
690 3749 753 3786 suos
769 3732 792 3783 (ι’
803 3747 854 3786 om.
868 3733 896 3786 P
907 3750 970 3787 suos
984 3732 1030 3786 Pa
1076 3732 1108 3786 18
1127 3732 1239 3786 ciuitate
1253 3730 1317 3800 ribi]

184 3822 300 3882 ¹ciuitate
319 3822 391 3891 quod
408 3823 436 3877 Β
454 3821 566 3876 ciuitate
585 3821 691 3890 quidem
715 3820 741 3874 V
819 3824 848 3874 et
864 3820 1189 3890 nequitiam—derogare]
1209 3819 1253 3871 καὶ
1270 3819 1319 3889 τὴν

190 3907 332 3981 ἀπέχθειαν
356 3907 440 3962 αὐτῶν
463 3909 630 3981 ἐπιστάμενος
648 3910 696 3981 τὴν
719 3910 783 3980 πρὸς
805 3909 865 3969 eoin<
889 3914 1068 3969 συνοικοῦντας
1096 3905 1182 3968 αὐτοῖς
1206 3904 1247 3957 tel
1270 3913 1318 3976 τῆς

189 3994 387 4066 Ἀλεξανδρείας
406 3995 547 4059 Ἰουδαίους
565 3996 728 4068 πρυτέθειται
741 3998 787 4068 μὲν
801 3994 907 4059 ἐκείνοις
921 3995 1095 4066 λοιδορεῖσθαι
1154 3995 1186 4048 19
1205 3994 1318 4047 Alexan·

189 4080 273 4136 driarn
292 4082 348 4137 BR
435 4085 470 4138 20
489 4102 536 4154 per
552 4085 614 4153 hoc]
633 4100 681 4153 per
702 4084 772 4138 VPc
789 4086 908 4152 sonasse
924 4084 1070 4152 compre-aa
1081 4083 1226 4150 interpres:
1240 4097 1321 4151 super

188 4170 240 4225 hoc
310 4172 423 4226 unaaO
492 4172 645 4226 rondudens
663 4172 709 4226 Pc
1302 4192 1304 4196 ’
