3036 4756
468 341 611 396 Contra
638 342 821 411 Apicnem
843 341 866 409 1,
884 339 970 395 7-11
991 341 1039 408 (11)
1297 345 1316 407 5

189 554 289 616 nuper
309 536 390 599 facta
416 534 609 618 cognouerit,
632 535 692 599 hoc
715 537 765 599 est
785 534 920 599 fabricas
939 533 1103 599 ciuitatum
1123 537 1155 598 et
1173 535 1317 600 adiuuen-

189 639 290 704 tiones
319 640 433 704 artium
461 640 770 723 conscriptionesque
797 641 904 725 legum
937 646 1183 722 cunctarumque
1212 659 1317 705 rerum

189 745 293 809 iunior
319 745 403 828 apud
430 764 484 810 eos
513 745 738 810 esthistoriae
766 745 930 829 diligentia
959 746 1210 810 conscribendae.
1234 745 1318 828 apud
1350 743 1369 805 8

189 851 362 934 Aegyptios
390 853 495 914 antem
525 853 618 934 atque
643 850 815 916 Chaldaeos
839 853 871 914 et
892 850 1077 927 Phoenicas,
1102 850 1210 915 desino
1234 849 1316 914 euim

159 975 247 1021 snos
277 955 343 1020 illis
376 974 609 1033 connumerare,
642 955 726 1021 sicut
756 956 819 1040 ipsi
850 956 988 1021 fatentur
1017 974 1068 1020 res
1097 959 1205 1040 gestae
1239 955 1318 1019 anti-

190 1061 375 1143 quissimam
395 1065 425 1126 et
443 1065 675 1143 permanentem
694 1061 809 1126 habent
827 1061 995 1126 memoriae
1010 1060 1222 1127 traditionem.
1246 1079 1318 1124 nam
1350 1058 1369 1120 9

69 1250 73 1257 .
189 1170 221 1231 et
241 1167 321 1231 locis
349 1185 455 1230 omnes
482 1166 668 1243 inhabitant,
692 1184 772 1247 quae
802 1185 998 1250 nequaqnam
1022 1168 1102 1230 ueris
1126 1164 1319 1247 corruptioni

190 1271 382 1346 subiaceant,
402 1275 434 1336 et
452 1271 585 1335 multam
603 1271 833 1353 prouidentiam
852 1272 1038 1349 habuerunt,
1053 1274 1090 1336 ut
1103 1271 1182 1335 nihil
1195 1271 1317 1348 horum,

190 1395 269 1458 quae
302 1377 385 1458 apud
417 1396 469 1441 eos
502 1380 647 1460 aguntur,
672 1378 739 1441 sine
769 1378 920 1443 memoria
950 1378 1175 1458 linquerentur,
1204 1374 1318 1440 sedin

147 1481 327 1563 republicis
357 1482 641 1565 conscriptionibus
671 1501 794 1566 semper
821 1504 839 1548 a
865 1483 943 1548 uiris
967 1483 1212 1565 sapientissimis
1236 1481 1318 1545 dica-

189 1590 314 1664 rentur3
353 1587 542 1652 Graecorum
578 1607 655 1677 nero
689 1589 850 1672 regionem
886 1589 1065 1653 innumerae
1100 1587 1317 1670 corruptiones
1330 1583 1370 1647 10

190 1693 375 1757 intruserunt
393 1712 495 1757 rerum
518 1679 701 1758 memoriam
725 1694 876 1760 delentes.
901 1695 929 1758 si
952 1696 1058 1758 antem
1080 1713 1179 1758 nouas
1204 1690 1318 1758 consti-

189 1800 315 1863 tuentes
334 1798 585 1864 conuersationes
605 1799 744 1864 omnium
763 1819 796 1865 se
814 1819 959 1883 praeesse
979 1800 1185 1876 crediderunt,
1205 1798 1316 1863 sciant.

189 1903 263 1984 quia
276 1904 370 1969 etiam
385 1923 453 1969 sero
473 1906 505 1968 et
521 1905 574 1969 uir
591 1908 735 1970 naturam
752 1908 923 1988 potueruut
941 1923 1108 1990 agnoscere
1124 1905 1316 1969 litterarum:

147 2031 171 2070 ιο
188 2027 260 2077 nam
288 2009 543 2091 antiquissimum
570 2029 677 2075 earum
698 2030 793 2075 usum
816 2011 964 2076 habuisse
989 2010 1158 2075 creduntur
1179 2029 1198 2074 a
1218 2007 1317 2072 Phoe-

189 2113 312 2178 nicibus
341 2117 372 2180 et
400 2134 417 2179 a
445 2115 562 2181 Cadmo
590 2136 624 2181 se
651 2116 800 2181 didicisse
828 2116 1011 2201 gloriantur.
1051 2117 1106 2181 sed
1135 2134 1233 2197 neque
1261 2111 1367 2179 illoll
1472 2103 1476 2111 '

189 2221 329 2302 tempore
353 2221 470 2303 poterit
492 2222 605 2304 aliquis
634 2222 846 2287 demonstrare
869 2225 1026 2286 seruatam
1056 2221 1317 2302 conscriptionem

190 2343 289 2406 neque
320 2326 352 2390 in
385 2326 513 2409 templis
546 2346 646 2409 neque
676 2328 709 2391 in
740 2328 877 2410 publicis
905 2327 1169 2403 anathematibus,
1194 2324 1316 2410 quando

190 2430 285 2494 etiam
308 2431 346 2496 de
369 2431 509 2496 Troianis
536 2432 640 2510 rebus,
664 2432 720 2496 nbi
742 2435 791 2498 tot
813 2433 900 2497 annis
927 2433 1099 2496 militatum
1123 2435 1181 2511 est,
1208 2433 1317 2513 postea

145 2555 171 2596 re
188 2536 291 2599 multa
313 2536 454 2617 quaestio
477 2538 571 2617 atque
601 2537 758 2602 contentio
788 2538 871 2602 facta
900 2541 959 2614 est,
986 2539 1095 2601 utrum
1122 2521 1253 2601 litteris
1267 2534 1317 2598 nsi

277 2757 355 2821 LBR,
375 2757 428 2823 ΟΡ,
448 2774 473 2814 o.
493 2789 523 2797 -
543 2758 631 2812 Euseb
646 2758 677 2821 h,
697 2757 738 2813 ed.
748 2775 787 2827 pr.

227 2900 240 2952 1
261 2900 426 2969 cognouerit]
451 2899 532 3003 εὖροι,ἰ
547 2899 620 2952 εοεαε
637 2898 754 2966 conieci,·
770 2900 892 2969 cognobi.
912 2903 940 2952 et
958 2897 1035 2951 codd.
1055 2912 1072 2952 e
1090 2895 1208 2975 εὑρήσεις
1225 2897 1317 2950 Errseb

189 3013 251 3081 hoc]
270 3013 336 3067 haec
354 3028 371 3068 e
447 3015 463 3067 3
481 3013 564 3100 iunor
580 3013 607 3066 L
695 3013 833 3084 diligenda
850 3014 878 3066 P
894 3011 1082 3066 conscribenda
1100 3011 1127 3064 B
1147 3013 1177 3077 (α
1194 3014 1216 3064 1.
1234 3029 1268 3065 m.
1287 3011 1319 3064 εὀε

191 3099 239 3153 -de
257 3103 346 3167 corn),
367 3100 557 3155 conscribenda
574 3101 696 3156 LRGPo
784 3103 801 3154 4
825 3101 894 3154 euim
912 3116 960 3153 nos
978 3115 1029 3154 em.
1050 3098 1099 3152 GP
1180 3101 1197 3153 5
1215 3099 1272 3168 ipse
1290 3099 1318 3152 R

190 3187 310 3241 fatentur
327 3189 380 3258 ipsi
398 3193 431 3242 tr.
445 3189 473 3242 B
527 3191 542 3243 7
562 3189 641 3272 aeris]
662 3187 691 3240 ἐκ
708 3194 752 3241 τοῦ
771 3187 934 3258 περιέχοντος
987 3185 1318 3256 8nihilhorum1nichil-

190 3260 276 3364 Ῑιοτοοι
295 3301 331 3355 L¹
351 3302 418 3356 nihil
437 3304 570 3359 eorumll
623 3302 783 3371 teguntur]
803 3301 973 3370 gerunturR
1044 3300 1257 3370 relinquerentur
1271 3301 1321 3354 ΟΡ

192 3417 226 3470 10
252 3416 415 3485 dicerentur]
442 3417 620 3488 καθιεροῦσθαι
647 3375 838 3471 ὥοπεοειιεΒ
855 3414 1018 3469 dictarentur
1036 3414 1115 3470 1201>
1132 3414 1318 3470 dicerenturc

192 3505 225 3557 12
252 3504 286 3572 si]
313 3503 361 3568 del,
383 3490 416 3558 in
437 3505 527 3559 codice
549 3521 600 3560 erro
631 3505 736 3560 Graeco
759 3504 781 3558 εἰ
811 3504 939 3557 babuisse
964 3503 1075 3557 uidetur
1104 3502 1244 3571 secema,
1271 3505 1319 3571 qui

186 3597 342 3659 prostraret
363 3593 472 3646 baberet
495 3593 639 3661 apoduein,
658 3594 745 3648 sciant
770 3591 832 3660 quia
848 3591 965 3645 iurauit
982 3590 1029 3661 qui
1056 3604 1073 3645 e
1172 3592 1204 3645 13
1232 3591 1318 3644 sciant

191 3679 262 3748 cquis]
289 3679 320 3734 in
350 3678 462 3734 Graecis
488 3696 545 3734 uon
572 3686 675 3735 extum.
802 3681 836 3734 14
863 3681 933 3749 sero]
960 3680 1014 3732 scio
1033 3679 1061 3733 R
1162 3679 1196 3733 15
1220 3677 1317 3731 habuis

191 3783 218 3820 se
237 3765 263 3819 L
366 3767 397 3819 16
417 3771 445 3819 et
463 3766 651 3836 a-didicisse]
670 3770 698 3820 et
716 3766 824 3820 cadmos
841 3764 962 3836 (cedinos
980 3765 1017 3832 R)
1038 3763 1181 3819 edidicisse
1200 3767 1243 3834 (ec
1261 3764 1317 3817 edi·
1344 3772 1346 3776 ’

191 3854 261 3908 elisae
283 3855 310 3907 B
338 3870 352 3908 e
380 3852 505 3907 didicisse
523 3855 561 3920 R)
581 3854 607 3908 L
626 3853 675 3921 (Ι,2
701 3872 713 3908 s
742 3855 845 3909 lineola
870 3871 889 3908 ο
912 3853 1004 3907 cadmo
1031 3858 1190 3921 separatam
1216 3867 1275 3906 mem
1303 3869 1317 3905 c

190 3941 343 4012 conlocauit)
362 3940 418 3995 BR
442 3957 457 3994 a
483 3941 562 3995 cados
589 3959 602 4016 e
628 3941 753 3996 didicisse
776 3941 804 3995 P
914 3941 962 3995 illo
989 3941 1120 4010 tempore]
1149 3940 1191 3993 ἀπ’
1220 3936 1317 3992 ἐκείνου)

190 4034 234 4080 τοῦ
252 4027 345 4098 χρόνου
360 4029 450 4083 Eecseb
469 4028 508 4080 ἐπ’
527 4028 623 4082 ἐκείνου
641 4036 686 4082 τοῦ
703 4030 767 4102 ph
812 4029 846 4083 18
865 4029 1070 4083 anathematicis
1082 4030 1110 4083 P
1150 4030 1181 4083 19
1200 4028 1233 4082 dc
1252 4027 1317 4080 Tro·

190 4114 258 4168 ianis
272 4115 439 4184 rebus-est]
455 4116 512 4186 περὶ
528 4123 579 4169 τῶν
598 4115 639 4168 ἐπὶ
657 4114 751 4187 Τροίαν
771 4116 902 4178 τοσούτοις
920 4112 988 4169 ἔτεσι
1006 4115 1213 4187 στρατευσάντων
1284 4113 1317 4167 de

191 4203 217 4267 ip
235 4203 346 4257 troianis
364 4204 390 4257 L
410 4205 477 4273 (ε’ροο
495 4205 637 4272 ecpurrrit)
690 4205 726 4258 20
744 4205 786 4258 uei
805 4205 879 4273 eunt]
899 4205 941 4258 usi
959 4204 1015 4257 sint
1031 4203 1137 4259 BRCP
