3036 4756
362 320 505 376 Contra
533 321 716 392 Apioneur
738 321 761 384 1,
780 320 921 375 utu-282
941 319 1031 385 (XXX.
1052 319 1147 386 XXXI)
1273 322 1316 387 63

188 533 293 580 sorum
326 515 410 579 euim
443 517 537 596 atque
565 513 783 596 languentium
813 513 966 596 plurimos
994 513 1181 578 credendum
1211 514 1317 578 estin

186 620 365 704 lapidicinis
389 621 490 684 multo
515 623 655 700 tempore
678 637 714 682 ac
737 618 920 702 fatigatione
949 617 1112 697 defecisse,
1140 620 1259 685 multos
1287 620 1316 682 iu

186 725 412 807 posterioribus
435 726 537 802 bellis,
561 726 741 789 innumeros
765 727 870 789 autem
893 724 924 787 in
948 726 1060 788 ultimo
1084 725 1201 807 proelio
1225 727 1318 807 atque

187 830 264 914 fuga
286 831 415 913 perisse.

157 958 171 998 s
230 936 345 1001 XXXI.
370 936 521 1018 Superest
543 935 622 999 mihi
645 953 727 1000 nunc
754 935 906 999 aduersus
935 954 1006 999 eum
1035 934 1073 999 de
1101 936 1212 1019 Moyse
1238 935 1318 1001 ratio
1343 929 1407 993 279

189 1041 380 1125 disputandi.
412 1043 494 1106 huuc
524 1041 605 1105 enim
633 1041 737 1104 uirum
767 1027 942 1105 mirabilem
975 1041 1101 1122 quidem
1133 1044 1165 1133 et
1196 1061 1318 1107 sacrum

187 1147 335 1232 Aegyptii
357 1150 479 1230 putant,
503 1147 617 1211 uolunt
639 1149 746 1210 autom
769 1165 842 1210 oum
859 1146 1065 1229 blasphemiis
1084 1146 1321 1212 incredibilibus

187 1252 343 1317 falsitates
375 1253 521 1317 inducere
554 1251 694 1316 dicentes
721 1270 794 1315 eum
822 1251 1096 1333 Hieropolitanum
1128 1271 1196 1318 esse
1225 1257 1258 1317 et
1284 1270 1320 1316 ex

187 1357 252 1422 illis
274 1358 403 1440 templis
426 1360 554 1439 propter
574 1357 693 1438 lepram
716 1357 816 1420 fuisse
841 1359 1007 1422 sectatum.
1036 1357 1186 1439 probatur
1214 1360 1318 1422 auteur
1343 1353 1407 1416 280

146 1485 170 1525 ro
188 1461 219 1525 in
261 1463 555 1545 conscriptionibus,
593 1461 667 1544 quia
703 1465 775 1525 aute
813 1462 1002 1546 quingentos
1040 1463 1147 1527 decem
1185 1467 1216 1527 et
1251 1465 1321 1528 octo

187 1567 284 1631 fuerit
306 1584 402 1631 annos
426 1571 459 1632 st
475 1569 599 1631 nostros
617 1569 722 1648 patres
742 1566 864 1631 duxerit
883 1586 919 1631 ex
938 1568 1081 1651 Aegypto
1100 1568 1131 1631 iu
1151 1568 1321 1651 regionem,

189 1690 268 1754 quac
291 1691 374 1737 nunc
396 1673 591 1738 inhabitatur
613 1672 752 1737 anobis.
777 1673 851 1754 quia
868 1692 943 1738 uero
962 1693 1062 1755 neque
1081 1673 1160 1738 uitio
1180 1673 1322 1756 quolibet
1345 1669 1405 1732 281

187 1777 370 1842 huiusmodi
398 1778 479 1842 circu
507 1797 620 1860 corpus
648 1777 744 1842 fucrit
771 1778 910 1842 uiolatus
938 1797 973 1842 er
1000 1778 1079 1859 ipsis
1106 1779 1201 1843 rebus
1229 1797 1322 1862 agno-

188 1885 297 1947 scitur.
335 1883 476 1964 leprosos
510 1883 593 1946 enirn
617 1882 764 1961 sanciuit,
798 1886 952 1965 quatenus
984 1902 1042 1947 nec
1074 1883 1105 1947 in
1138 1883 1322 1947 ciuitatibus

144 1992 346 2053 remanerent
367 2007 425 2052 neo
446 1989 477 2052 in
501 1988 581 2053 uicis
603 1988 829 2067 inhabitarent,
853 1989 908 2054 sed
933 1989 994 2054 soli
1012 1990 1209 2054 ambularent
1227 1989 1324 2053 uesti-

187 2095 247 2159 bus
270 2094 382 2176 ruptis,
402 2097 435 2159 et
454 2093 671 2178 contingentes
695 2114 749 2160 eos
772 2096 825 2161 uel
848 2099 1013 2160 uescentes
1037 2114 1108 2160 curn
1133 2096 1178 2160 eis
1200 2095 1323 2158 inmun·

190 2198 246 2263 dos
273 2199 475 2264 existimauit.
509 2203 541 2264 et
567 2200 643 2264 licet
670 2220 778 2267 eorum
806 2200 969 2284 aegritudo
1003 2201 1168 2282 aliquando
1198 2203 1323 2265 curetur
1346 2197 1409 2260 282

190 2305 410 2387 propriamque
431 2308 562 2369 naturae
584 2305 738 2387 recipiant
760 2307 936 2382 sanitatem,
964 2306 1117 2390 praedixit
1143 2310 1259 2382 tamen,
1287 2309 1323 2370 ut

179 2403 391 2495 'purgationes
416 2411 566 2492 quasdam
592 2414 687 2493 atque
701 2412 943 2495 'purificationes
967 2431 1002 2476 ex
1027 2411 1163 2476 lauacris
1188 2411 1321 2476 fontium

276 2581 356 2648 BRV,
374 2581 467 2637 CPPa.
487 2612 520 2621 -
539 2582 570 2646 Λ,
590 2582 632 2636 ed.
650 2601 690 2654 pr.

225 2695 464 2766 lplsnguentium
486 2695 513 2748 V
591 2663 751 2766 plurimo⁸B
829 2698 959 2769 plurimos
977 2699 1005 2752 in
1023 2698 1077 2768 lap.
1097 2696 1258 2752 credendum
1277 2700 1317 2750 est

189 2784 259 2839 tr.R
304 2782 497 2854 tlapidiciuis]
512 2782 879 2856 lapidinicisBVlapidibus
893 2786 921 2840 R
933 2785 1098 2857 lapidiciniis
1114 2784 1181 2839 OPo
1234 2784 1320 2838 mulfo

189 2871 363 2941 —defecisseJ
393 2870 528 2940 ᾀποθανεῖν
555 2869 635 2924 πολὺν
662 2871 755 2943 χρόνον
783 2871 835 2925 issi
859 2873 1014 2945 γενομένους
1040 2873 1084 2925 καὶ
1110 2871 1320 2933 κακοπαθοῦντας

224 2962 265 3029 sc]
284 2961 319 3025 R,
338 2959 389 3013 hac
406 2957 506 3026 reliqui
540 2959 557 3013 s
577 2959 683 3028 ultimo]
703 2975 755 3011 uno
774 2959 861 3014 BRV
893 2963 910 3015 4
929 2960 1040 3029 periisse
1057 2960 1131 3016 RPa
1149 2958 1279 3014 defecisse
1297 2957 1322 3011 V

190 3050 296 3103 bunne
312 3047 379 3102 milri
393 3051 427 3102 tr.
441 3046 468 3100 R
512 3047 593 3116 nnuc]
609 3063 661 3101 nou
676 3046 721 3099 Po
764 3047 849 3116 moysi
865 3047 959 3100 GPPo
995 3048 1125 3101 fuciunt
1144 3051 1233 3103 autem
1247 3049 1319 3117 oum]

191 3134 328 3204 βούλονται
345 3134 372 3188 tt
382 3175 389 3189 .
400 3174 407 3188 .
418 3176 425 3190 .
435 3134 511 3205 perde
530 3134 698 3189 uoluntatem
718 3149 777 3188 curn
790 3134 818 3186 B
835 3135 958 3188 uolentes
977 3151 1036 3188 eum
1056 3152 1113 3189 cum
1128 3134 1187 3189 RV
1198 3135 1321 3188 uolentes

190 3237 249 3276 curn
271 3222 319 3277 ΟΡ
335 3222 459 3276 uolentes
478 3237 537 3275 euru
556 3221 603 3274 Po
674 3237 732 3274 cum
755 3221 940 3291 blasphemiis]
961 3227 1026 3275 unte
1043 3223 1140 3276 uolunt
1152 3222 1256 3290 possein
1273 3221 1322 3276 sed

188 3310 275 3379 sienis
286 3309 509 3378 transpositionis
521 3308 644 3362 ordinem
656 3314 758 3362 rectum
770 3309 909 3363 indicauit
921 3310 949 3362 B
1001 3309 1018 3362 8
1036 3309 1169 3363 falsitates
1182 3309 1319 3378 inducere]

190 3402 334 3467 προςποωῑν
354 3395 440 3458 αὐτοῖς
458 3395 532 3466 qnod
548 3412 607 3450 non
623 3401 692 3450 reete
708 3396 844 3450 intellexit
860 3397 992 3464 interpres
1075 3396 1319 3468 Hieropolitanunu't

189 3481 372 3556 ἠλιουπολίτην
395 3485 426 3548 Λ,
453 3484 712 3539 hierosolimitanum
734 3484 762 3539 R
789 3484 1011 3554 heliopolitanurn
1038 3484 1122 3555 (helio
1149 3486 1180 3539 in
1205 3489 1273 3551 ros.)
1299 3484 1323 3537 f}

226 3573 255 3624 et
268 3588 299 3625 ex
312 3572 367 3626 illis
380 3573 501 3644 templis]
517 3580 567 3627 τῶν
583 3572 677 3625 iussin
691 3571 779 3644 ispius
794 3573 840 3624 ion
887 3574 1037 3627 tlsecatum
1054 3573 1147 3627 OPPo
1197 3574 1231 3627 10
1245 3574 1319 3642 quia}

189 3660 293 3727 europei,
308 3661 355 3729 qui
367 3660 485 3729 Ruso
506 3660 555 3714 ΟΡ
571 3677 623 3730 qne
637 3660 682 3715 Po
736 3660 767 3713 ll
788 3658 870 3714 fuerit
887 3661 983 3730 anuos]
1003 3677 1085 3715 annos
1103 3661 1213 3714 fuerunt
1228 3661 1319 3715 GPPo

226 3747 265 3815 et]
285 3747 356 3816 quod
376 3747 470 3802 GPPo
538 3748 728 3802 latrocinatur
747 3747 771 3802 G
837 3748 869 3802 13
888 3764 918 3801 er
936 3748 1003 3817 ipsis
1020 3747 1110 3817 rebus]
1130 3746 1159 3799 is
1177 3754 1229 3801 τῶν
1247 3747 1320 3820 λεγο-

191 3833 275 3905 μένων
298 3832 339 3886 bn'
359 3834 449 3901 αὒτοῡς
473 3853 503 3890 ex
522 3838 605 3906 ipsius
631 3837 719 3890 uerbis
738 3836 851 3900 conicio,
870 3852 909 3890 on
928 3835 991 3906 iecit
1007 3836 1140 3906 interpres
1156 3837 1321 3910 peroptans?

192 3922 225 3976 15
252 3922 409 3977 habitarent
425 3923 509 3980 RVP
597 3926 629 3979 16
652 3927 792 3978 uescentes
811 3940 869 3978 cunr
889 3924 939 3993 eis]
958 3927 1003 3977 τὸν
1021 3923 1166 3996 ὁμωρόφιον
1183 3925 1320 3996 γενόμενον

193 4010 224 4063 17
245 4009 397 4079 egritudine
414 4011 473 4066 BV
490 4012 655 4082 egritudines
672 4012 700 4067 R
771 4015 897 4066 curentur
910 4011 967 4065 RV
1021 4012 1053 4066 18
1071 4012 1213 4082 recipiant]
1233 4011 1321 4078 codd,

192 4095 312 4169 ἀπολάβῃ
366 4101 408 4169 ut]
428 4116 461 4153 ne
478 4116 608 4170 superaus.
628 4105 690 4154 2m.
708 4100 754 4153 Po
806 4101 981 4169 purgationes
999 4101 1127 4169 quasdam
1145 4103 1227 4170 atque
1247 4101 1321 4170 puri·

191 4181 340 4254 flectiones]
359 4185 430 4247 τινὰς
449 4185 550 4258 ἁγνείας
568 4186 715 4258 καθαρμοὺς
