3036 4756
187 262 239 369 Ι90
448 298 592 355 Contra
618 298 801 369 Apionem
824 297 861 362 11,
880 297 1077 368 m-ssrvll)

195 493 240 558 rio
265 493 365 576 Apion
388 491 600 575 praesumpsit
623 491 744 556 edicere
768 490 846 554 asini
871 495 965 573 caput
992 491 1165 556 collocasse
1193 469 1329 556 ludaeos¹

195 603 228 664 et
249 619 321 664 enm
345 600 446 663 colere
470 615 506 662 ao
529 597 659 682 dignum
681 597 782 662 facere
804 600 893 661 tanta
912 597 1078 680 religione3
1102 600 1134 661 et
1157 597 1216 662 hoc
1239 596 1328 661 adfir-

195 708 262 769 mat
287 702 386 769 hrisse
415 703 603 786 depalatum,
633 702 708 767 dum
735 703 910 768 Antiochus
938 702 1116 786 Epiphanes
1140 702 1347 784 expoliasset

195 812 359 894 templum,
379 814 411 874 et
429 809 509 874 illud
531 813 626 892 capnt
647 809 811 874 inuentum
835 828 871 873 ex
894 827 967 874 auro
987 809 1199 891 compositum
1216 809 1328 873 multis

123 918 181 986 ‚81
195 915 337 999 pecuniis
370 914 510 997 dignum.
548 914 587 978 ad
618 913 696 979 haec
727 914 827 997 igitur
858 914 944 996 prius
969 915 1113 995 equidem
1141 914 1223 992 dico,
1252 932 1327 995 quo·
1355 935 1371 975 s

195 1022 279 1086 niam
307 1021 482 1105 Aegyptius
505 1021 567 1098 uel,
593 1021 620 1084 si
648 1021 766 1103 aliquid
794 1021 857 1085 tale
881 1022 963 1104 apud
985 1041 1042 1086 uos
1065 1020 1191 1098 fuisset,
1214 1011 1349 1101 nequa·¹

196 1146 289 1209 quam
317 1127 469 1192 debuerat
494 1126 664 1209 increpare,
684 1145 764 1190 ‘cum
793 1145 853 1191 non
882 1128 924 1191 sit
952 1127 1087 1192 deterior
1113 1126 1221 1190 asianis
1244 1126 1326 1189 furo·

144 1234 186 1298 82
196 1232 287 1297 uibus
326 1235 359 1297 et
394 1232 490 1297 hircis
527 1235 559 1296 et
595 1231 677 1310 aliis,
710 1250 789 1314 quae
821 1236 895 1295 suut
926 1231 1010 1314 apud
1042 1250 1095 1296 eos
1128 1230 1182 1296 dii.
1216 1229 1326 1294 deiude

197 1337 352 1420 quomodo
374 1356 435 1403 non
459 1337 614 1402 intellexit
636 1337 783 1418 operibus
806 1337 986 1420 increpatus
1009 1337 1047 1402 de
1070 1335 1245 1401 incredibili
1269 1353 1326 1413 suo

196 1443 379 1508 mendacio?
406 1442 532 1526 legibus
557 1461 689 1525 namque
713 1461 837 1524 semper
858 1443 979 1506 utimur
1000 1441 1134 1519 hisdem,
1156 1441 1189 1506 in
1213 1440 1326 1522 quibus
1344 1467 1373 1508 ro

197 1549 263 1615 siue
290 1549 351 1614 line
379 1549 592 1627 consistimus,
621 1554 654 1613 et
681 1566 751 1613 cum
780 1549 860 1612 uarii
887 1567 979 1614 casus
1002 1551 1142 1614 nostram
1165 1545 1327 1612 ciuitatem

79 1651 80 1654 ’
197 1655 282 1720 sicut
309 1655 405 1720 etiam
428 1654 560 1719 aliomm
582 1654 765 1718 rrexauerint
787 1657 820 1718 et
841 1654 918 1719 Pius
941 1673 978 1719 ac
999 1653 1169 1735 Pompeius
1192 1653 1328 1736 Magnus

197 1764 228 1824 et
258 1759 398 1824 Licinius
431 1756 564 1824 Crassus
597 1762 630 1823 et
660 1758 698 1822 ad
730 1757 939 1823 nouissimum
973 1759 1063 1823 Titus
1096 1757 1212 1824 Caesar
1243 1757 1327 1823 hello

196 1865 357 1948 uincentes
386 1864 578 1947 optinueriut
604 1864 767 1946 templum,
795 1864 873 1927 nihil
900 1863 1081 1930 huiusmodi
1108 1865 1176 1930 illio
1202 1864 1328 1929 inuene-

197 1975 279 2053 mut,
312 1972 367 2037 sed
394 1971 596 2056 purissimam
623 1972 783 2053 pietatem,
811 1971 850 2036 de
874 1990 936 2054 qua
957 1972 1037 2037 nihil
1058 1971 1149 2037 nobis
1172 1974 1223 2036 est
1245 1968 1328 2053 apud
1344 1991 1373 2032 re

145 2082 187 2146 83
197 2077 275 2143 alios
304 2078 435 2143 effabile.
464 2078 538 2159 quin
560 2096 634 2142 uero
658 2077 833 2142 Antiochus
856 2096 957 2161 neque
978 2078 1098 2143 iustam
1120 2077 1196 2142 fecit
1217 2075 1329 2159 templi

197 2183 479 2268 depraedationem,
517 2183 572 2249 sed
608 2186 749 2268 egestate
784 2184 988 2266 pecuniamm
1020 2184 1073 2249 ad
1090 2184 1150 2248 hoc
1183 2183 1327 2258 accessit,

198 2307 269 2354 oum
306 2309 366 2355 non
405 2293 490 2355 esset
524 2290 637 2365 hostis,
673 2293 706 2354 et
741 2308 924 2378 supernos
958 2289 1157 2356 auxiliatores
1190 2307 1265 2354 suos
1297 2291 1330 2352 et

198 2395 315 2460 amicos
352 2395 520 2480 adgressus
558 2396 608 2460 est
642 2413 700 2460 neo
736 2394 854 2476 aliquid
895 2396 1026 2480 dignum
1068 2395 1223 2461 derisione
1262 2393 1329 2460 illic
1401 2391 1408 2415 ”

197 2499 327 2579 inuenit,
368 2500 463 2565 multi
503 2504 535 2566 et
574 2500 661 2583 digni
703 2500 930 2583 conscriptores
971 2520 1068 2584 super
1106 2502 1167 2567 hoo
1204 2519 1376 2583 quoquere

146 2610 189 2674 84
197 2608 364 2684 testantur,
391 2604 542 2689 Polybius
564 2606 800 2690 Megalopolim,
825 2605 957 2673 Strabou
982 2607 1158 2691 Cappadox,
1180 2606 1328 2672 Nicolaus

286 2847 366 2911 Lus,
385 2846 438 2915 ΟΡ,
457 2862 482 2903 ο.
503 2878 534 2888 -

234 3017 250 3068 2
270 3017 312 3085 ecl
331 3014 382 3069 hac
399 3015 427 3069 P
478 3016 495 3069 3
514 3014 679 3085 depalatum]
699 3014 865 3084 depellatum
884 3016 911 3069 B
928 3033 963 3086 pa
981 3023 1115 3086 caparacie
1134 2981 1148 3071 d
1165 3033 1238 3086 popu
1256 3031 1277 3070 e.
1292 3015 1331 3069 L³

199 3103 265 3158 inde
282 3102 473 3174 depopulatum
495 3101 533 3156 Cr
604 3102 764 3157 anthiochus
782 3103 810 3158 R
882 3107 941 3158 (et)
954 3105 1149 3174 expoliassete
1202 3104 1330 3174 tcaput}

199 3191 271 3246 inter
287 3207 383 3246 ocream
401 3190 465 3246 odd.
484 3190 521 3245 L¹
606 3191 757 3260 inuentum]
778 3191 928 3246 inuenisset
945 3191 1046 3247 Sohtus
1125 3193 1287 3272 compositos
1305 3191 1332 3245 L

200 3280 312 3350 dhaec]
331 3280 418 3335 hoco
515 3279 660 3349 quideme
711 3336 713 3340 ,
755 3278 826 3348 dico]
845 3294 896 3334 om.
916 3294 941 3342 e,
960 3279 1109 3350 respondeo
1127 3281 1179 3336 ins.
1202 3280 1332 3336 Gelenius

201 3369 217 3422 ‘t
236 3366 370 3422 deteriora
388 3367 463 3421 sinus
483 3369 560 3434 (corr.
580 3365 629 3437 Β)
647 3366 674 3421 L
744 3367 761 3421 8
780 3366 867 3436 hyrcis
886 3367 973 3432 ‹11121
991 3368 1068 3434 odd.)
1088 3367 1116 3421 P
1165 3390 1166 3393 ¹
1185 3369 1265 3438 quse]
1285 3368 1331 3437 qui

199 3456 245 3513 Re
299 3455 315 3510 9
334 3455 459 3526 operibus
476 3456 639 3526 increpatus]
657 3456 675 3510 s'.
695 3472 716 3510 c.
736 3461 789 3517 τοῖς
807 3451 891 3526 ’ἔργοις
910 3453 1109 3527 ἰξεληλεγμόνος
1165 3458 1198 3511 10
1216 3455 1329 3526 semper]

200 3561 251 3600 om.
266 3543 294 3598 R
346 3544 431 3599 isdem
445 3545 473 3599 Ρ
524 3546 554 3598 ll
570 3548 698 3605 nostram,
711 3560 738 3598 nr
754 3542 818 3597 odd.
833 3543 870 3597 P¹
925 3544 958 3597 12
973 3547 1137 3598 uexaueront
1153 3543 1201 3598 ΟΡ
1254 3543 1329 3613 Pius]

202 3632 270 3687 cosei.
280 3631 373 3697 Nicen
389 3631 448 3686 dius
457 3631 584 3687 LBReP
592 3631 671 3686 muns
685 3630 808 3685 C'Iheos
817 3629 932 3696 Sotium
948 3630 1006 3683 uid.
1016 3631 1111 3699 Antip.
1122 3631 1187 3685 Iud.
1202 3629 1266 3684 VII
1272 3633 1332 3684 393

202 3720 289 3775 XIII
299 3723 359 3774 244
397 3720 429 3774 13
443 3721 481 3790 et]
496 3734 559 3775 ece
594 3719 678 3784 etad,
694 3718 803 3775 ets.It¹
842 3718 875 3772 14
888 3718 1064 3773 obtinuomut
1077 3718 1172 3775 ROPe
1210 3720 1243 3773 16
1257 3718 1330 3792 qnia]

109 3870 113 3875 .
203 3808 249 3878 qui
265 3807 294 3864 R
366 3809 398 3862 17
418 3807 603 3878 depectionem
621 3807 648 3860 B
724 3806 786 3866 (de)
800 3809 957 3876 egestates
1029 3805 1151 3878 accessit]
1170 3823 1203 3863 cc
1220 3807 1333 3863 moossit

204 3894 242 3948 Ρι
259 3901 290 3949 ut
307 3894 419 3950 sidetem
491 3895 523 3950 18
540 3894 632 3949 hostes
650 3895 690 3965 (es
708 3895 739 3948 io
756 3893 780 3948 is
798 3909 866 3949 corr.
885 3893 935 3964 13¹)
952 3892 1058 3998 LBssP
1144 3894 1332 3965 super—snos]

205 4010 293 4065 socios
311 4010 421 4080 iusuper
437 4024 486 4064 nos
505 4026 567 4064 snos
585 4009 714 4064 Gclcsoirrs
775 4010 807 4064 19
826 4008 978 4079 aggressus]
998 4025 1120 4079 egressus
1137 4009 1164 4064 L
1182 4008 1227 4080 (sd
1244 4023 1266 4064 s.
1284 4006 1333 4078 Β)

239 4099 296 4154 illic
313 4097 436 4153 irrisione
454 4097 566 4168 dignum
583 4097 611 4153 B
687 4098 722 4151 ‘20
739 4097 823 4152 ‘uenit
840 4098 860 4167 (l
877 4111 898 4150 s.
917 4095 966 4165 1⁴²)
985 4097 1012 4151 L
1099 4100 1219 4176 quoque]
1236 4113 1287 4154 ooo.
1305 4097 1333 4153 B

203 4187 236 4242 21
257 4185 384 4256 Strabon]
403 4184 548 4257 strapadon
570 4184 619 4240 GP
635 4184 756 4240 straboni
772 4185 801 4242 Id
872 4182 990 4255 capadox
1007 4185 1052 4242 Re
