3036 4756
214 309 256 372 74
472 305 616 361 (luntre
643 304 827 374 alpioneru
851 305 886 369 ΙΙ,
906 306 1102 374 3-10(Ι.ΙΙ)

214 499 338 563 homine
376 501 550 582 composita
587 504 619 564 et
655 499 794 564 moribus
826 519 972 582 prauoe
956 500 1119 564 ettotius
1152 501 1235 563 uitae
1269 519 1352 566 suae
1411 507 1416 516 '

183 604 450 688 ltamporibus
442 610 632 688 importuno.
670 606 743 686 quia
779 626 853 670 rrero
891 606 984 669 multi
1020 606 1180 669 hominum
1218 608 1344 686 propter

215 710 384 775 stultitiam
411 729 501 775 suam
528 710 578 774 his
605 711 711 793 potius
739 712 934 775 sermonibus
964 712 1128 792 capiuntur
1151 730 1245 792 quam
1267 711 1341 802 illia,

215 835 294 898 quae
322 818 423 882 multo
452 818 556 882 studio
585 819 834 895 conscribuntur,
867 821 899 882 et
931 817 1183 901 derogationibus
1217 802 1341 900 quidem
1377 843 1381 850 ⁴

215 923 362 1006 gaudent,
398 924 571 1004 praeconiis
612 944 685 988 uero
727 923 907 988 mordentur
948 924 1089 1001 aliorum,
1133 924 1341 988 necessarium
1373 944 1389 986 a

214 1027 363 1106 indicaui,
387 1032 424 1093 ut
447 1048 546 1111 neque
569 1029 652 1093 hunc
677 1029 743 1092 sine
767 1029 992 1093 examinatione
1020 1029 1226 1110 relinquerem
1255 1046 1343 1093 accu-

215 1133 365 1198 sationem
395 1137 532 1198 nostram
562 1154 577 1197 e
606 1134 731 1199 diuerso
760 1135 852 1199 uelut
877 1135 907 1198 in
936 1135 1053 1199 iudicio
1086 1135 1342 1200 conscribentem.

184 1239 270 1304 baed
295 1239 387 1302 etiam
412 1239 491 1303 illud
516 1240 546 1302 in
577 1241 686 1304 multis
714 1241 892 1305 hominibus
920 1241 1012 1305 uideo
1043 1259 1236 1323 consequens
1264 1258 1342 1322 esse,

215 1363 251 1408 oo
276 1345 357 1425 quod
381 1345 474 1409 ualde
498 1346 701 1425 delectentur,
725 1347 846 1428 quando
871 1347 941 1428 quis
961 1347 1109 1410 inchoans
1128 1345 1343 1431 blasphemare

184 1450 276 1514 dallo
305 1451 373 1533 ipse
402 1451 439 1515 de
468 1452 534 1516 auis
564 1452 655 1516 malis
684 1452 836 1535 arguitur.
869 1455 918 1515 est
945 1451 1049 1533 itaque
1077 1471 1137 1514 non
1161 1451 1252 1516 facile
1275 1451 1343 1515 eius
1364 1477 1389 1517 10

215 1557 346 1620 transire
379 1575 554 1622 sermonem
587 1576 643 1621 nec
672 1561 775 1641 aperte
803 1577 894 1623 nosse
922 1557 996 1640 quid
1025 1558 1136 1622 nititur
1159 1558 1288 1635 edicere,
1313 1561 1344 1621 et

215 1681 311 1742 paene
334 1667 494 1744 tamquam
517 1664 548 1726 in
572 1664 673 1728 multo
696 1662 834 1727 tumultu
859 1667 891 1727 et
910 1662 1092 1728 confusione
1112 1662 1342 1727 mendaciorum

214 1767 277 1832 alia
305 1767 430 1849 quidem
458 1769 489 1832 in
523 1769 658 1834 similem
690 1768 833 1833 incidunt
864 1769 1000 1851 speciem
1032 1788 1151 1844 eorum,
1185 1787 1263 1850 quae
1296 1769 1344 1831 uti

214 1892 283 1938 reor
314 1874 561 1939 examinauimus
595 1874 632 1938 de
664 1893 808 1958 regressu
841 1877 1017 1939 nostrorum
1045 1874 1281 1966 progenitorum
1308 1893 1344 1936 en

185 1981 369 2064 lhogypto
397 1980 459 2044 alia
486 1998 560 2044 uero
588 1980 627 2043 ad
656 1980 887 2045 accusationem
914 1981 1071 2062 pertinent
1097 1980 1128 2042 in
1161 1978 1344 2042 Alexandria
1363 2002 1388 2043 n

214 2086 424 2150 habitantium
452 2084 650 2161 ludaeorum,
677 2085 807 2150 tertium
834 2104 909 2151 uero
942 2089 1037 2168 caput
1068 2085 1098 2148 in
1131 2085 1180 2148 his
1213 2084 1343 2148 mixtum

215 2196 263 2257 est
287 2191 325 2255 do
348 2192 460 2275 templi
484 2192 607 2256 cultura
630 2193 662 2255 et
684 2191 721 2256 do
745 2191 943 2256 accusatione
967 2192 1099 2255 aliarum
1121 2192 1238 2273 legum.

184 2298 298 2362 8I.l
324 2295 405 2376 Quia
428 2317 502 2362 nero
526 2316 625 2379 neque
648 2297 794 2382 Acgypt'
774 2318 796 2361 ιι
792 2316 932 2400 genere
960 2297 1087 2361 luerunt
1073 2299 1186 2360 ttnos
1187 2296 1211 2358 ri
1239 2299 1343 2378 patres

214 2423 270 2467 nec
293 2423 370 2486 prop
371 2407 419 2468 ter
371 2404 584 2468 tmorhum
609 2404 746 2486 corporis
770 2382 825 2469 aso
847 2389 1028 2468 huiusmodi
1051 2403 1128 2467 alias
1148 2402 1343 2466 calamitates

214 2509 284 2574 inde
313 2512 387 2574 sunt
413 2511 508 2593 pulsi,
537 2530 597 2574 non
626 2511 728 2575 solum
757 2509 959 2586 sufficienter
983 2509 1039 2573 sod
1061 2509 1110 2572 ult
1111 2527 1144 2571 ra
1166 2525 1342 2571 mensuram
1362 2529 1388 2568 ao

183 2616 250 2678 9nt
282 2616 373 2681 credo
407 2621 615 2681 monstratum
649 2620 707 2681 est.
741 2616 778 2680 de
812 2618 928 2698 quibus
961 2619 1064 2680 autem
1102 2613 1193 2677 rebus
1223 2612 1344 2675 adiecit

165 2719 325 2801 lOApion,
359 2720 496 2785 breuiter
523 2721 710 2785 memorabo.
737 2721 768 2783 in
797 2721 890 2784 tertio
918 2739 1051 2801 namque
1080 2718 1342 2802 Aegyptiacorum

301 2918 379 2982 LBR,
399 2919 451 2982 GP,
471 2934 495 2975 o.
515 2951 548 2959 -
567 2918 597 2982 l,
618 2919 659 2973 ed.
678 2936 716 2989 pr.

252 3042 264 3094 l
285 3042 460 3112 compositam
479 3041 506 3095 ΙΙ
596 3043 634 3110 ct]
654 3045 684 3094 ut
702 3041 728 3094 R
816 3057 899 3111 praua
924 3053 949 3094 ra
968 3057 1001 3094 ex
1019 3057 1034 3092 o
1053 3055 1120 3092 corr.
1139 3037 1187 3101 Lo
1207 3036 1343 3102 L²B(D)a

214 3129 231 3180 2
250 3129 402 3199 importuna
421 3135 447 3194 (a
466 3146 499 3183 ea
517 3148 532 3181 o
552 3145 618 3183 corr.
639 3127 685 3197 11²)
706 3127 839 3198 L²B(D)o
857 3128 1008 3200 ὀχλαγωγοῡ
1072 3131 1087 3181 5
1107 3126 1280 3192 aliorum-p.
1299 3125 1342 3184 80,

217 3216 249 3269 19
268 3217 290 3269 si
315 3218 387 3285 uerol
411 3233 461 3271 orn.
480 3217 506 3269 L
529 3224 554 3270 et
576 3219 624 3286 qui
642 3218 677 3271 ab
696 3233 725 3271 eo
739 3217 860 3285 pendent
879 3217 981 3271 codices
999 3233 1051 3284 quo
1070 3216 1103 3269 de
1121 3215 1247 3282 conseras
1262 3230 1342 3281 prce·

209 3304 355 3371 judicarem.
374 3305 418 3358 hic
436 3321 517 3358 unum
537 3304 630 3358 solium
649 3305 725 3358 deest
742 3307 774 3358 iu
791 3321 874 3374 rracerp.
894 3321 993 3358 munus
1005 3311 1037 3358 ut
1048 3304 1158 3357 uidetur
1170 3297 1274 3356 saeculi
1286 3303 1316 3355 X
1322 3301 1346 3353 V

216 3391 363 3445 detractauit
380 3393 411 3444 in
428 3391 454 3445 L
533 3392 810 3462 aliorum-indicaui]
827 3395 858 3446 in
876 3409 930 3446 raa.
950 3393 976 3444 B
1047 3392 1171 3460 aliorum]
1190 3406 1246 3443 oron
1260 3406 1343 3457 prae·

215 3479 274 3531 buit
292 3484 379 3533 lectus
399 3479 520 3533 Graecus
607 3481 861 3534 necessariorumV
931 3481 1116 3549 trelinquere
1134 3480 1161 3531 P
1229 3477 1341 3545 8illud]

210 3571 275 3635 poet
293 3566 445 3620 hominihus
464 3573 497 3621 tr.
517 3568 562 3621 Po
652 3567 684 3622 10
703 3568 767 3638 alio]
788 3568 854 3621 ahos
876 3568 969 3621 OPPa
1067 3568 1134 3635 eius]
1154 3568 1192 3620 eis
1211 3566 1256 3620 Pu
1275 3569 1302 3618 et
1322 3565 1345 3618 O

218 3647 247 3707 ll
269 3655 425 3724 sermonem]
445 3654 493 3709 sed
511 3672 617 3709 monere
637 3656 680 3708 Pu
747 3673 827 3710 nosco
845 3656 918 3710 RPu
985 3655 1060 3725 qnid]
1079 3654 1151 3724 quod
1168 3654 1251 3709 RVG
1316 3656 1343 3706 et

216 3742 380 3810 confusione]
398 3744 496 3811 compat
514 3760 545 3796 ea
565 3742 720 3797 confusione
739 3744 810 3798 codd
891 3745 922 3798 13
942 3745 995 3798 aliu
1015 3743 1038 3797 0
1111 3745 1138 3796 in
1158 3742 1282 3811 similem]
1302 3742 1341 3794 in·

215 3831 339 3884 similiter
361 3830 387 3884 V
455 3831 606 3910 incididunt
623 3832 650 3884 B
721 3833 761 3886 uti
779 3833 848 3901 reor]
869 3832 964 3886 adclid.
982 3833 1114 3900 interpres
1168 3833 1201 3884 14
1218 3831 1342 3901 progeni·

214 3923 303 3973 torum
321 3922 470 3973 nostrorum
489 3925 522 3973 tr.
542 3919 600 3973 RV
671 3921 702 3974 17
721 3921 827 3990 templi]
846 3921 943 3989 scripsi
960 3921 1060 3991 templo
1080 3918 1151 3973 codd
1231 3919 1262 3971 19
1281 3920 1341 3986 nec]

217 4024 302 4077 neque
320 4007 347 4061 P
434 4007 597 4078 huiusmodi]
622 4025 654 4064 ear
674 4009 778 4063 Graeeo
798 4007 916 4070 τοιαύτας
935 4009 1090 4072 onerarium}
1110 4007 1189 4060 huius
1209 4004 1285 4060 codd.
1305 4005 1343 4070 (R

210 4102 275 4166 post
297 4096 376 4149 huius
400 4113 505 4150 erucam
534 4113 617 4150 arraona
646 4097 763 4151 litterum
790 4097 881 4162 laudet)
971 4097 1005 4150 20
1032 4094 1207 4163 sufficienter]
1236 4092 1343 4164 μετρίως

215 4186 250 4239 22
268 4186 398 4255 naqucO
