3036 4756
195 273 237 338 86
461 268 605 325 Contra
631 267 815 338 apionem
840 267 875 332 11,
894 269 999 323 ese-64
1018 269 1064 335 (V)

195 463 408 528 communium
436 462 572 526 filiorum
600 462 720 526 tradere
748 481 820 527 eum
848 461 1016 528 exercitum
1049 481 1084 527 ac
1117 462 1323 544 principatum

143 570 185 632 60
195 573 227 633 et
246 588 279 634 se
298 569 389 650 sequi
407 569 532 652 coegit?
556 568 729 633 nouissime
752 588 826 633 uero
845 566 1027 640 Alexandria
1047 587 1065 632 a
1084 567 1215 633 Caesare
1233 575 1326 652 capta

195 673 233 738 ad
256 674 316 740 hoc
338 693 439 756 nsque
462 674 613 757 perducta
635 676 694 752 est,
719 677 756 737 nt
779 675 913 738 salutem
940 672 1012 737 hinc
1040 693 1162 755 sperare
1186 693 1219 737 se
1245 658 1350 738 iudi-³>
1381 744 1384 750 ,

195 784 289 859 caret,
323 781 350 845 si
381 785 490 862 posset
521 781 590 861 ipsa
622 798 715 843 mann
749 798 807 843 sua
828 779 962 844 ludaeos
985 780 1147 862 perimere,
1176 798 1211 844 eo
1240 780 1323 862 quod

195 865 277 950 circa
299 904 407 950 omnes
431 885 567 950 crudelis
591 887 623 949 et
648 883 939 991 infidelislextaret.
968 889 1100 968 putasne
1128 885 1323 968 gloriandum
1355 906 1372 947 s
1415 894 1421 906 ·

194 991 285 1056 nobis
307 1011 366 1056 non
397 994 455 1070 est,
486 991 512 1055 si
541 985 806 1072 quemadmoduui
833 990 911 1055 dicit
936 990 1036 1073 Apion
1065 989 1157 1054 famis
1184 993 1324 1074 tempora

143 1095 318 1162 dlludaeis
341 1096 481 1161 triticum
506 1115 566 1161 non
591 1100 791 1161 est-mensal
815 1096 870 1160 sed
892 1097 947 1160 illa
970 1095 1096 1178 quidem
1119 1114 1249 1179 poenum
1274 1115 1325 1161 su-

194 1202 258 1286 biit,
281 1205 519 1285 competentem.
548 1222 605 1267 nos
633 1204 737 1266 autem
766 1201 899 1266 maximo
929 1201 1060 1267 Caesare
1093 1202 1211 1267 utimur
1242 1204 1324 1265 teste

196 1308 300 1373 solatii
328 1313 421 1391 atque
449 1308 531 1387 fidei,
561 1327 655 1391 qnam
682 1308 765 1372 circa
792 1327 863 1372 eum
892 1311 1000 1374 contra
1026 1308 1198 1392 Aegyptios
1223 1308 1324 1390 gessi-

196 1433 277 1491 mus,
305 1433 361 1478 nec
390 1432 449 1478 non
483 1417 515 1479 et
551 1418 662 1478 senatu
695 1413 826 1495 eiusque
867 1413 1068 1497 dogmatibus
1110 1416 1155 1506 tt,
1182 1413 1324 1494 epistolis
1343 1436 1371 1474 ιο

144 1520 185 1584 62
196 1518 337 1585 Caesaris
369 1520 517 1604 Augusti,
550 1519 665 1602 quibus
698 1521 805 1584 nostra
837 1519 947 1583 merita
979 1519 1231 1602 comprobantur.
1267 1518 1323 1582 has

193 1624 317 1690 litteras
358 1625 510 1709 Apionem
549 1623 712 1707 oportebat
747 1624 900 1706 inspicere
937 1627 969 1688 et
1004 1625 1177 1689 secundum
1213 1642 1325 1708 genera

195 1716 576 1795 examinare⁰testimonia
604 1727 662 1793 snb
691 1727 863 1793 Alexandro
891 1727 974 1792 iacta
997 1732 1029 1792 et
1051 1727 1196 1793 omnibus
1219 1728 1324 1793 Ptolo·

195 1836 294 1900 masis
312 1839 345 1899 et
362 1853 441 1917 quae
461 1837 608 1898 asenatu
636 1833 809 1897 constituta
831 1835 906 1896 sunt
927 1851 987 1897 nec
1002 1852 1062 1897 non
1086 1836 1118 1898 et
1141 1852 1160 1896 a
1181 1833 1324 1898 maximis

143 1940 344 2008 63Bomanis
367 1938 619 2021 imperatoribus.
648 1938 675 2002 si
698 1957 772 2002 uero
798 1936 1001 2003 Germanicus
1024 1938 1180 2003 flumenta
1203 1939 1371 2002 cunctisne

194 2047 226 2111 in
248 2045 434 2111 Alexandria
456 2043 722 2109 commorantibus
743 2042 849 2107 metiri
870 2062 931 2123 non
955 2043 1068 2126 potuit,
1091 2043 1151 2108 boc
1172 2043 1324 2122 indicium

190 2154 245 2235 ‚est
281 2150 458 2216 sterilitatis
494 2167 531 2213 ac
553 2147 766 2230 ¹necessitatis
802 2148 1038 2227 frumentorum,
1072 2168 1133 2214 non
1165 2149 1324 2214 accusatio

195 2255 392 2322 Iudaeorum.
422 2253 498 2338 quid
525 2254 607 2319 enim
635 2252 758 2336 sapiant
781 2271 888 2318 omnes
910 2252 1113 2335 imperatores
1137 2252 1175 2318 ds
1197 2253 1323 2319 Iudaeis
1377 2309 1379 2313 ,

144 2366 187 2430 64
195 2362 227 2426 in
254 2359 439 2426 Alexandria
465 2358 741 2434 commorantibus,
769 2358 872 2440 palam
900 2361 957 2424 est
983 2378 1054 2424 nam
1083 2359 1340 2458 amministratio·

196 2466 295 2531 tritici
321 2465 418 2530 nihilo
446 2464 550 2529 minus
574 2464 612 2528 ab
636 2463 691 2539 eis,
715 2482 809 2547 quarn
832 2462 870 2528 ab
895 2462 965 2528 aliis
987 2463 1203 2530 Alexandrinis
1225 2469 1323 2531 traus-
1341 2489 1372 2532 so

196 2571 261 2636 lata
282 2574 342 2648 est,
366 2570 532 2634 maximam
555 2588 629 2634 uero
652 2569 705 2633 eis·
721 2567 814 2632 fidem
838 2569 912 2634 olim
934 2589 953 2633 a
974 2568 1101 2654 regibus
1125 2569 1230 2635 datam
1253 2590 1324 2637 con·

284 2783 363 2849 LBR,
382 2782 435 2848 ΟΡ,
454 2797 479 2839 a.
500 2813 530 2823 -

234 2909 339 2976 lcum]
360 2923 418 2961 curn
436 2907 507 2962 RPe
566 2907 722 2961 excertitnm
741 2906 767 2960 L
785 2908 935 2962 exercituo
994 2909 1036 2976 ac]
1055 2908 1153 2976 respo
1171 2925 1186 2962 a
1204 2907 1324 2962 LBGPe

197 2992 232 3048 ad
253 2993 282 3048 Β
303 3011 354 3051 ons.
376 2993 505 3048 Gelenius
611 2994 802 3064 principatus
890 2996 1122 3065 necesseque]
1146 2999 1254 3050 etesse
1278 2996 1325 3064 qui

196 3081 295 3138 LBRe
379 3082 395 3136 3
423 3081 546 3151 salutem]
566 3083 660 3136 saltem
680 3081 778 3138 LBRe
902 3082 1044 3152 iudicaret]
1062 3083 1182 3138 iudicare
1200 3082 1324 3139 LBRPa

196 3171 266 3239 lsi]
286 3187 315 3224 se
332 3170 360 3225 Β
379 3170 402 3223 si
420 3187 448 3223 se
467 3170 572 3224 canino
643 3170 711 3240 ipsa]
731 3186 781 3224 orn.
801 3169 829 3223 P
844 3170 937 3239 ipseo
1009 3180 1071 3239 suas
1090 3171 1116 3225 L
1201 3170 1326 3242 ludaeos]

197 3276 215 3311 n
234 3257 350 3312 librario
369 3258 489 3311 arbitror
506 3274 562 3312 esse
579 3258 713 3320 additum.
733 3257 767 3311 ele
782 3257 899 3313 aalaidis
917 3258 989 3313 enine
1009 3258 1173 3328 Cleopatrae
1195 3259 1245 3314 boe
1268 3259 1327 3313 loeo

196 3347 278 3418 egicae
295 3344 439 3414 Iosepbuns
456 3346 548 3400 e'uele'co
611 3345 778 3414 5ε1]ε.Ρι
849 3348 971 3416 putasne,
990 3364 1002 3400 s
1020 3347 1052 3400 e'n
1069 3363 1126 3403 ros.
1145 3347 1172 3400 B
1237 3347 1324 3416 best]

196 3422 275 3488 esem
292 3449 373 3488 eraso
387 3433 481 3502 prime
499 3450 512 3487 e
532 3450 600 3491 corr.
619 3434 657 3488 B¹
676 3450 734 3487 esse
752 3433 778 3487 L
850 3433 1073 3503 quamadmodum
1091 3435 1119 3490 Β
1189 3436 1287 3504 appion
1301 3434 1330 3487 P

197 3521 362 3577 ‘laubittL
416 3521 551 3589 9solatiil
570 3522 663 3576 auxilii
683 3521 813 3576 Gelenius
869 3521 902 3576 10
921 3521 1103 3592 dogmatibus]
1124 3523 1253 3576 consultis
1274 3521 1326 3576 Ge-

198 3609 286 3664 lenius
358 3609 389 3662 11
410 3609 520 3678 angusti
538 3610 566 3664 Β
646 3613 772 3664 nostrae
853 3610 911 3680 has]
930 3611 1014 3666 bose
1089 3611 1121 3665 12
1140 3611 1282 3681 appionem
1300 3609 1328 3663 P

199 3698 231 3751 14
250 3699 278 3750 et
297 3695 375 3765 quae]
394 3701 511 3766 eatque
529 3697 599 3752 codd
687 3697 712 3767 a]
732 3714 782 3752 ons.
800 3698 829 3753 Β
910 3700 938 3751 et
956 3699 982 3767 a}
1003 3701 1031 3752 et
1048 3697 1100 3754 Ru
1172 3701 1204 3753 15
1222 3714 1327 3767 gennua-

76 3785 78 3790 '
197 3785 270 3839 nicos
288 3784 316 3838 Ρ
387 3784 469 3838 lain
489 3785 667 3839 alexandriam
687 3785 714 3838 P
801 3785 927 3839 iuditium
945 3785 972 3839 P
1044 3787 1076 3840 17
1097 3787 1256 3840 sterelitatis
1273 3785 1329 3840 LB

232 3889 263 3926 ac
281 3871 461 3944 necessitatis]
480 3889 530 3927 om.
549 3872 577 3927 Β
595 3890 626 3927 ac
645 3873 772 3942 penuriae
793 3873 923 3927 Gelenius
993 3875 1128 3928 accuratio
1148 3889 1164 3930 a
1234 3875 1265 3928 18
1284 3891 1327 3928 sa·

198 3961 422 4030 planu-sentiant
442 3960 571 4014 Gelenius
661 3962 692 4015 19
712 3961 739 4015 in
759 3961 937 4015 alexandriam
956 3962 983 4015 P
1078 3955 1283 4017 commoratibus
1301 3962 1329 4016 P

197 4049 232 4103 20
249 4049 347 4118 minus]
365 4049 451 4117 magis
473 4049 602 4103 Gelenius
691 4050 722 4102 21
745 4048 794 4118 eis]
814 4050 871 4102 eius
889 4050 917 4105 Β
1004 4067 1021 4104 a
1038 4049 1148 4120 regibus
1166 4050 1230 4103 olim
1250 4056 1283 4106 tr.
1301 4049 1331 4105 Β

232 4137 259 4206 a]
277 4151 326 4190 orne.
347 4135 388 4191 ed.
405 4126 519 4190 Meels'ol.
538 4139 609 4190 1513
681 4139 871 4191 conseruerunt
888 4137 916 4190 P
1189 4132 1192 4136 ’
