3036 4756
201 308 302 374 XLIV
667 305 880 361 Praelatio.

200 499 311 563 etnicis
336 500 451 563 nostris
478 500 622 580 quoniam
647 503 691 564 cel
719 499 841 564 subtilis
867 500 961 563 saionis
988 505 1017 563 ct
1038 499 1199 581 multiplex
1220 522 1330 586 mopoo

202 603 304 668 labore
321 605 360 668 in
380 603 487 669 libris
504 606 644 687 eripienti
662 604 803 668 duobus
820 605 955 668 coronarii
972 604 1100 684 fecimus
1118 606 1153 667 to
1172 602 1329 670 Latinum.

201 711 403 774 memorabile
432 712 531 793 igitur
562 713 619 788 est,
653 711 736 794 qnod
764 710 970 777 Cassiodorus
994 710 1082 774 libris
1105 710 1255 793 Apioneis
1278 711 1327 775 in·

202 815 402 897 scriptionem
424 817 579 898 propriam
603 835 664 881 nou
686 817 809 892 indidit,
829 816 885 881 sed
907 834 961 880 eos
986 834 1057 880 cnm
1080 815 1168 880 libu's
1187 817 1330 898 Aanui·

201 919 277 985 tatis
300 921 446 986 Iudaicae
469 921 583 1005 uiginti
610 941 672 986 nna
699 921 964 1004 comprehendens
991 921 1106 1005 uiginti
1131 921 1210 986 duos
1233 920 1330 985 libros

203 1026 391 1091 numerauit.
412 1046 473 1108 qua
496 1046 531 1092 ox
553 1047 586 1092 re
611 1046 799 1109 quamquam
821 1028 955 1092 fortasse
975 1026 1120 1093 concludi
1141 1030 1258 1109 potest,
1278 1047 1331 1093 eos

201 1130 299 1195 libros
322 1134 483 1214 tamquam
508 1133 710 1215 appendicem
734 1132 878 1216 ampliom'
900 1133 948 1197 illi
973 1133 1058 1214 operi
1081 1136 1113 1197 et
1136 1133 1331 1215 supplemen-

202 1237 271 1299 tum
294 1235 332 1300 ab
357 1237 524 1319 interprete
546 1237 646 1302 fuisso
669 1257 814 1316 annexos,
837 1242 940 1304 tamen
963 1238 1055 1303 facile
1083 1238 1255 1322 contigisse
1277 1258 1331 1321 po·

203 1341 276 1418 tuit,
294 1344 332 1406 nt
350 1342 555 1408 Cassiodorus
579 1343 744 1408 breuitatis
767 1345 868 1428 gralia
885 1344 1120 1426 inscriptionem
1138 1343 1211 1408 libri
1227 1343 1331 1426 negle-

204 1451 299 1530 geret.
323 1454 457 1530 angetur
488 1449 565 1514 baec
597 1450 746 1532 suspicio,
771 1451 798 1515 si
820 1470 858 1515 ne
892 1450 923 1514 in
955 1450 1044 1514 libris
1077 1449 1203 1532 quidem
1236 1469 1330 1514 manu

204 1552 329 1634 scriptis
348 1553 414 1646 nlla
436 1554 599 1638 inscriptio
622 1555 721 1620 fuisse
750 1555 949 1638 conspicitur.
973 1554 1063 1620 deest
1086 1555 1178 1634 enim,
1202 1555 1331 1637 siquae

203 1657 390 1723 addiderunt
411 1679 522 1725 manus
546 1661 778 1725 recentissimae
801 1661 1007 1744 neglegimus,
1025 1661 1058 1724 in
1075 1660 1165 1726 libris
1183 1661 1331 1725 uetustis-

203 1762 293 1827 simis
314 1763 378 1842 LB,
407 1763 517 1829 deinde
539 1764 570 1828 in
597 1764 625 1829 R
651 1764 813 1847 inscriptio
845 1764 918 1829 libri
949 1765 1042 1848 primi
1075 1768 1107 1829 et
1139 1765 1267 1829 secundi
1300 1767 1332 1828 et

204 1868 394 1952 subscriptio
422 1869 494 1933 libri
521 1869 623 1952 primi,
653 1889 731 1950 quae
760 1888 834 1935 uero
860 1870 892 1934 in
921 1869 1032 1934 classii
1061 1870 1216 1934 secundae
1242 1868 1331 1933 libris

205 1974 404 2056 reperiuntur
438 1974 490 2038 nix
519 1974 557 2039 ab
584 1974 654 2056 ipso
681 1974 849 2057 interprete
877 1974 1016 2058 profecta
1043 1994 1112 2039 esse
1139 1972 1331 2066 possuntd

203 2080 285 2144 enirn
304 2080 398 2144 babet
416 2079 505 2145 baec:
530 2080 641 2161 tuomet
658 2079 734 2144 liber
751 2081 920 2163 uipesr'mus
936 2081 1063 2161 primm
1081 2079 1112 2142 F
1113 2079 1193 2143 loooii
1210 2077 1333 2159 Iosopbi

205 2191 312 2249 contro
334 2184 554 2251 Mouctlrouem
577 2189 604 2250 et
626 2185 736 2266 plnres
763 2186 841 2251 alios
867 2187 922 2271 put
948 2185 1023 2249 libor
1043 2205 1105 2249 uon
1132 2185 1333 2266 distinquitur

199 2310 260 2370 por
290 2291 428 2369 capitolo
458 2290 512 2354 sed
542 2295 636 2355 totum
666 2291 761 2355 simul
790 2292 902 2372 beqitor
927 2290 982 2354 sud
1008 2291 1114 2371 primo
1138 2288 1331 2370 copitulo‚P

205 2415 280 2462 uero
304 2396 395 2462 baec:
421 2398 533 2477 incepit
559 2397 635 2461 liber·
663 2399 789 2478 prieneus
815 2397 927 2461 Flauii
962 2395 1084 2476 Ioseplri
1118 2393 1333 2458 dissertissimi

204 2501 453 2585 lapstouoprapli
483 2507 590 2567 contra
617 2502 837 2567 Manethooem
863 2501 1051 2587 Epyplicum
1082 2506 1111 2565 et
1141 2498 1333 2563 Cercnaoucm

205 2613 342 2690 stopoum
364 2613 394 2671 et
415 2609 502 2673 alios.
527 2609 643 2673 similia
669 2609 805 2694 legimns
833 2609 864 2673 in
887 2608 976 2673 initio
1003 2607 1076 2672 libri
1099 2605 1228 2670 secundi
1251 2604 1334 2688 apud

207 2711 244 2777 d:
268 2714 379 2794 incipit
402 2713 477 2778 liber
498 2715 665 2796 reipcsa'mos
686 2715 838 2779 secundus
861 2712 984 2794 Ioseplei
1006 2716 1113 2777 contro
1130 2711 1282 2791 Apuooem
1306 2715 1333 2774 et

202 2817 310 2898 plures
350 2819 437 2893 alios,
478 2819 508 2883 in
549 2820 574 2884 P
616 2839 706 2884 uero:
741 2820 854 2902 teremit
897 2819 972 2883 liber
1015 2817 1168 2881 ceonredus
1198 2805 1334 2910 xIoseplrp

206 2926 313 2986 contra
330 2924 484 3004 Apriouem
502 2924 751 2989 Alexandrinum
770 2925 1017 3009 prosternationem.
1042 2922 1174 3004 denique
1193 2921 1224 2985 in
1243 2921 1333 2985 initio

206 3027 278 3092 libri
309 3029 396 3093 tertii
428 3029 524 3094 habet
556 3029 594 3094 d:
626 3030 735 3110 locunt
762 3030 837 3094 liber
874 3030 1040 3111 ammirans
1076 3027 1189 3090 teretem
1220 3024 1334 3089 Flami

208 3133 330 3214 Ioscpdei
356 3140 463 3198 contro
485 3133 683 3216 Apollonium
706 3135 862 3199 Molonem
888 3138 915 3198 et
937 3132 1139 3197 Lisimocum.
1177 3134 1269 3212 atque
1301 3131 1332 3194 in

207 3238 315 3304 codice
330 3240 492 3304 Petraroae
506 3241 614 3306 libello
629 3242 751 3307 rubrica
764 3241 914 3323 inscripta
928 3243 978 3303 est
990 3238 1081 3302 baec:
1092 3236 1204 3300 Floua'r'
1211 3234 1335 3317 Ioseplu'

206 3345 448 3428 historioproplei
481 3347 702 3430 antiquitatum
737 3345 864 3409 Irrdcion'
892 3344 1003 3425 populi
1038 3347 1145 3407 contra
1179 3341 1334 3424 Apioucm

208 3451 458 3515 Alexandrinum
477 3452 685 3532 promotionem
707 3451 782 3515 liber·
801 3452 933 3535 priorsus.
948 3450 979 3513 in
1001 3449 1181 3514 Corsiniano
1201 3448 1334 3531 denique

207 3557 424 3622 inueniuntur:
456 3556 613 3622 bencelino
634 3556 763 3635 Iosoplei
794 3561 901 3620 ceretro
927 3556 1080 3635 Apimecm
1111 3558 1140 3619 et
1169 3554 1333 3618 Molonem.

209 3682 288 3746 qnae
320 3682 390 3727 cum
422 3665 503 3729 inter
529 3683 563 3728 se
590 3663 775 3746 discrepent,
799 3682 859 3727 non
883 3662 985 3727 solnm
1013 3681 1073 3727 non
1101 3681 1137 3726 ex
1165 3660 1333 3744 archetypo

209 3769 323 3834 bansta
346 3789 415 3834 csse
439 3769 595 3848 uidentur,
619 3769 674 3833 sed
698 3770 792 3834 etiam
816 3768 854 3832 ab
879 3771 1004 3833 auctore
1027 3767 1193 3843 nomionis,
1217 3767 1333 3848 qnippe

209 3875 263 3957 qni
282 3874 360 3939 dnos
380 3879 502 3940 tantum
521 3875 616 3939 libros
633 3874 816 3939 Cassiodoro
835 3877 917 3938 teste
936 3872 1089 3948 diuisam,
1103 3875 1229 3955 propter
1248 3872 1335 3937 tertii

209 3981 295 4045 illios
323 3981 395 4045 libri
421 3981 655 4063 inscriptionem
687 3979 799 4044 ceteris
828 3980 988 4060 aequalem
1016 3978 1155 4060 proiecta
1182 3999 1251 4043 esso
1283 3997 1334 4042 ne-

210 4089 338 4168 queunt.
362 4090 430 4151 tota
453 4085 561 4150 deinde
584 4084 745 4167 inscriptio
769 4089 801 4148 et
823 4084 853 4148 in
878 4083 928 4148 ΟΡ
952 4084 1035 4148 etin
1059 4083 1105 4148 Pa
1120 4085 1163 4150 (lo
1186 4103 1245 4149 non
1268 4087 1333 4149 tam

210 4193 387 4276 interpretis
418 4212 544 4256 inanum
576 4192 707 4256 titulum
731 4188 884 4256 Graecum
917 4191 1067 4255 uertentis
1092 4209 1184 4273 quam
1216 4190 1334 4254 librarii
