3036 4756
439 306 583 362 Contra
609 306 791 375 Apionern
814 307 836 368 1,
855 306 960 361 78-83
980 306 1062 373 (XIV)
1272 311 1313 375 19

185 501 362 567 Bubastitis
400 500 550 578 fluminis,
592 519 671 582 quae
708 499 925 583 appellabatur
961 519 986 563 a·
1013 499 1147 582 quadam
1188 489 1316 582 antiqua

184 607 345 691 theologia
367 605 493 682 Euaris3
518 607 598 670 bane
620 605 792 671 fabricatus
816 609 866 671 est
889 609 921 670 et
943 605 1043 669 muris
1066 606 1210 670 maximis
1233 625 1315 671 oom-

185 713 324 778 muniuit
340 712 498 777 eolloeans
512 711 557 776 ibi
571 711 807 777 multitudinem
826 714 1015 776 armatorum
1035 729 1136 793 usque
1151 712 1190 776 ad
1204 712 1315 777 dueen-

184 824 219 885 ta
241 819 449 903 quadraginta
475 817 563 881 milia
588 817 727 883 uirorum
750 836 820 882 eam
843 817 1100 882 custodientium.
1130 817 1182 882 hio
1209 821 1367 888 autemid

150 926 301 992 amessia
324 928 465 1006 tempore
488 923 645 1002 ueniebat,
672 927 738 989 tam
760 928 798 989 ut
820 924 978 989 frumenta
1000 924 1163 989 metiretur
1185 926 1218 988 et
1239 943 1317 988 mer·

186 1032 276 1097 aedes
308 1030 492 1109 exsolueret,
516 1049 611 1113 quam
641 1034 678 1096 ut
710 1032 846 1096 armatos
878 1048 934 1112 pro
962 1033 1077 1095 terrore
1102 1032 1316 1095 extraneomm

185 1137 351 1222 diligenter
373 1135 563 1201 exercitaret.
588 1134 737 1218 quidum
759 1138 923 1218 regnasset
946 1134 1053 1200 deoem
1073 1138 1105 1200 et
1127 1154 1243 1200 nouem
1265 1154 1315 1199 an·
1359 1167 1361 1170 >

184 1243 234 1307 nis
253 1243 320 1307 uita
342 1242 486 1324 priuatus
508 1244 566 1306 est.
590 1241 765 1322 posthunc
784 1244 890 1306 autem
908 1241 1054 1325 regnauit
1072 1241 1151 1306 alter
1169 1245 1318 1323 quattuor
1326 1247 1368 1310 80

186 1351 219 1414 et
241 1347 448 1432 quadraginta
471 1347 561 1412 annis
584 1347 670 1412 Beon
693 1346 833 1422 nomine;
856 1349 930 1429 post
953 1365 1045 1429 quem
1070 1347 1150 1411 alter
1171 1347 1316 1430 Apaohas

139 1479 168 1520 ro
187 1473 239 1519 sex
269 1457 301 1518 et
329 1453 461 1537 triginta
489 1452 577 1517 annis
605 1455 638 1517 et
665 1451 828 1517 mensibus
852 1454 983 1533 septem,
1007 1451 1118 1517 deinde
1149 1455 1181 1517 et
1209 1452 1316 1535 Apofis

185 1579 283 1625 unum
313 1562 345 1624 et
374 1557 536 1642 sexaginta
565 1561 596 1623 et
626 1556 757 1624 Samnas
788 1557 1017 1641 quinquaginta
1046 1560 1078 1622 et
1104 1576 1213 1622 mense
1239 1577 1316 1632 uno;

185 1668 260 1748 post
287 1665 344 1730 hos
373 1666 479 1728 autem
510 1681 617 1728 omnes
645 1663 726 1728 Asea
753 1681 868 1728 nouem
895 1665 927 1728 et
950 1662 1157 1747 quadraginta
1180 1668 1211 1727 et
1233 1670 1366 1732 men-81

186 1770 276 1835 sibus
309 1770 442 1834 duobus.
476 1771 507 1834 et
537 1769 592 1834 isti
625 1767 752 1850 quidem
784 1786 838 1833 sex
870 1768 953 1851 apud
986 1787 1040 1833 eos
1067 1768 1195 1833 luerunt
1224 1769 1317 1851 primi

185 1895 277 1960 reges
308 1874 500 1940 debellantes
529 1893 652 1957 semper
675 1878 707 1939 et
728 1874 862 1939 maxime
889 1873 1027 1958 Aegypti
1049 1873 1187 1939 radicem
1210 1894 1318 1957 ampu-

140 2007 168 2049 rs
186 1985 253 2047 tare
276 1981 448 2063 cupientes.
478 1981 652 2047 uocabatur
680 1983 786 2045 autem
816 1999 906 2046 omne
936 1999 1035 2064 genus
1067 1999 1175 2045 eorum
1206 1980 1368 2057 Yesos‚8·2

186 2088 246 2179 boe
269 2091 319 2152 est
340 2105 431 2171 reges
449 2087 602 2169 pastores,
629 2105 667 2169 ye
691 2085 774 2151 enim
797 2085 970 2150 secundum
995 2103 1152 2150 sacrarum
1177 2085 1317 2168 linguam

186 2189 363 2258 litterarum
389 2210 496 2276 regem
525 2191 691 2276 signifieat,
716 2210 768 2257 sos
799 2209 874 2256 uero
897 2193 1056 2274 pastorem
1084 2190 1152 2255 siue
1174 2194 1318 2273 pastores

188 2297 360 2364 secundum
385 2317 560 2363 sermonem
583 2297 759 2362 eommunis
783 2297 900 2379 eloquii
923 2297 1022 2361 etita
1045 2296 1255 2379 compositum
1273 2296 1319 2360 in-

186 2404 314 2468 uenitur
335 2404 447 2468 Ynsos.
472 2402 599 2485 quidam
622 2422 707 2468 uero·
721 2402 830 2468 dieunt
853 2420 907 2467 eos
925 2402 1044 2467 Arabas
1069 2407 1165 2467 esse.“
1191 2402 1223 2466 in
1247 2401 1317 2465 aliis
1328 2409 1370 2471 83

140 2536 169 2578 ιο
188 2511 293 2574 autem
317 2509 546 2590 exemplaribus
569 2527 630 2573 non
652 2527 744 2593 reges
767 2507 937 2605 significari
955 2507 1092 2590 eomperi
1109 2527 1166 2590 per
1183 2492 1319 2590 appella-

275 2663 353 2726 mus,
373 2664 424 2726 er,
444 2679 468 2719 ο.
490 2693 520 2704 -
540 2663 628 2717 auses
648 2661 680 2727 n,
700 2661 741 2717 οο.
760 2679 799 2733 pr.
965 2638 967 2642 ’

225 2779 238 2831 1
266 2777 424 2831 bulliastitis
451 2777 506 2830 LB
536 2776 685 2831 buliastitis
710 2775 812 2844 reliqui
844 2774 1013 2845 βοοβαοτίτοο
1138 2774 1265 2846 quadram
1291 2776 1320 2830 R

188 2866 306 2936 2pnaris
320 2865 347 2919 Β
361 2863 459 2933 Αθαρνν
513 2867 637 2934 btepore
651 2864 678 2919 Β
749 2863 901 2932 metiretur]
916 2867 1060 2918 meterete
1116 2863 1318 2932 lexereitaret]

187 2969 222 3007 ex
242 2952 347 3006 Graeco
364 2951 499 3023 γονονάζοον
517 2953 628 3021 serapem
647 2952 776 3006 excitaret
793 2951 906 3006 cedde
996 2951 1069 3021 dnm]
1090 2966 1184 3006 eume
1282 2952 1319 3020 et]

187 3056 276 3095 onae
365 3039 382 3093 8
400 3039 535 3108 regnauit]
555 3055 606 3092 om.
629 3038 677 3092 GP
763 3039 779 3092 9
799 3039 914 3107 epochas
932 3039 959 3094 Β
977 3039 1106 3108 apasehos
1127 3038 1276 3107 Gapaseas
1295 3039 1322 3092 P

191 3128 224 3181 10
243 3127 363 3196 treginta
380 3126 408 3179 P
459 3126 605 3197 mensibus]
621 3126 694 3180 -ibus
708 3125 739 3180 in
752 3142 809 3180 roa.
822 3125 851 3181 Β
904 3126 994 3196 aposis
1006 3125 1040 3190 L,
1050 3129 1066 3178 1
1074 3125 1280 3194 m.Beapposis
1293 3126 1321 3181 Β

192 3216 222 3268 11
243 3214 365 3283 Samuas]
385 3212 485 3278 Ἰαννθς
504 3213 526 3265 Λ
545 3211 629 3276 tortor
649 3215 689 3269 ed.
703 3230 749 3283 pr.
813 3215 845 3267 12
863 3213 923 3283 hos]
943 3228 1030 3268 ανον
1090 3213 1192 3282 omnes]
1213 3209 1247 3267 οἶ
1260 3230 1319 3282 rap.

187 3301 239 3355 lin.
259 3301 323 3355 odd.
339 3303 365 3355 B
383 3301 450 3354 Ases
469 3302 576 3371 nouem]
595 3301 640 3355 οιαὶ
661 3294 756 3363 ’lisere
771 3301 845 3353 ἐννέα
863 3318 921 3356 oses
934 3302 1041 3355 inouem
1055 3300 1081 3354 L
1095 3317 1168 3354 asses
1183 3317 1278 3355 nonem
1293 3301 1321 3357 Β

191 3389 224 3442 13
243 3405 287 3442 sex
307 3388 413 3458 quidem
428 3393 461 3441 tr.
475 3387 503 3443 Β
576 3390 609 3442 14
628 3387 981 3459 debellantes-supienter]
1000 3386 1153 3458 πορθοῦντες
1171 3386 1320 3452 (ποθοῦντες

187 3475 230 3531 ed.
241 3479 296 3544 pr.)
317 3474 356 3528 ἀεὶ
374 3474 533 3546 καὶμᾶλλον
551 3482 599 3547 τῆς
617 3473 743 3546 Αἰγύπτου
763 3474 853 3546 ἐξᾶραι
869 3475 917 3548 τήν
937 3475 1007 3548 ῥίζαν
1027 3473 1050 3526 A
1143 3476 1250 3529 maximi
1268 3473 1323 3527 LB

192 3565 224 3617 15
238 3579 316 3617 omne
330 3579 413 3633 genus
433 3562 533 3631 eorum]
551 3564 580 3616 rb
599 3559 672 3625 ’ἔθνος
686 3561 709 3613 A
727 3563 756 3615 rb
776 3561 876 3634 σύμπαν
896 3563 981 3616 αὐτῶν
995 3561 1068 3626 ἔθνος
1082 3563 1174 3618 Eueeb
1227 3562 1320 3636 chos]

190 3651 278 3715 Nisae,
293 3667 343 3704 ονο.
357 3650 385 3705 Β
403 3652 470 3704 sesis
484 3652 511 3705 P
523 3666 596 3704 seros
610 3651 668 3704 rell.
683 3665 700 3705 e
755 3651 787 3705 16
806 3666 883 3720 reges
896 3651 954 3705 (et)
969 3650 1018 3705 GP
1068 3652 1111 3721 pe]
1130 3667 1158 3705 ae
1177 3651 1253 3705 codd.
1269 3665 1286 3705 e

189 3738 400 3808 ye-signitieat]
415 3737 560 3792 seeundum
579 3737 627 3792 aed
645 3738 716 3791 enim
734 3755 868 3793 saeramm
885 3739 1037 3808 linguarum
1052 3755 1142 3809 regem
1156 3739 1321 3808 significate

191 3841 324 3880 sacrarum
342 3826 461 3895 linguam
479 3826 640 3895 litterarum]
660 3841 792 3879 sacrarum
812 3825 861 3891 (Β1
878 3826 911 3879 in
927 3843 962 3880 m.
980 3827 1080 3895 suppl.)
1099 3826 1250 3896 linguarum
1268 3825 1323 3879 LB

189 3914 438 3982 interpretationem
458 3929 590 3967 sacrarum
608 3914 761 3983 linguarum
779 3913 807 3968 Β
871 3914 902 3966 17
922 3914 989 3983 siue]
1008 3914 1052 3966 aot
1129 3914 1260 3983 pastores]
1280 3930 1321 3967 -es

190 4003 221 4055 ν’νο
238 4016 294 4054 roa.
314 4000 341 4053 B
405 4002 438 4055 18
457 4001 505 4070 ita]
525 4004 630 4054 tantum
649 4016 665 4056 e
683 4001 821 4055 inuenitur
839 4003 1015 4070 compositum
1035 4008 1067 4056 tr.
1086 4002 1113 4057 Β
1178 4003 1210 4056 19
1228 4001 1320 4070 chos]

190 4087 275 4143 1000
289 4088 317 4143 Β
335 4104 408 4142 sesne
425 4089 474 4142 (¹1²
489 4089 615 4158 hyesose
651 4089 685 4142 20
704 4089 830 4158 comperi]
851 4089 929 4158 aprsrd
941 4090 1086 4158 Iorepbum
1104 4107 1161 4146 νοονν
1179 4090 1323 4144 inuenitur

227 4175 445 4246 appellationem]
465 4175 496 4228 ia
514 4192 598 4246 ortorp.
617 4178 705 4245 suppl.
726 4177 764 4230 B¹

1254 4281 1286 4334 ᾖ*
