3036 4756
647 315 863 371 Praefatio.

353 564 426 646 88.
450 564 502 628 De
525 564 773 648 interpretis
797 564 985 629 uertendi
1007 565 1176 631 ratione.

240 720 311 786 Non
339 722 443 788 solum
472 725 578 786 autem
603 721 722 789 Graeca
751 742 829 805 quae
857 721 954 786 uertit
975 722 1129 806 interpres
1153 724 1241 788 erant
1263 741 1329 788 cor-

197 828 299 909 rupta,
333 826 389 892 aed
420 826 515 892 etiam
547 827 615 910 ipse
646 847 707 892 non
738 828 767 892 is
799 833 874 903 erat,
904 827 957 908 qui
990 847 1069 909 quae
1102 847 1177 893 saun
1208 828 1331 894 inuenit

198 950 323 1013 semper
343 935 427 997 recte
448 933 648 1016 intellegeret
668 937 815 1015 recteque
838 934 1033 1016 exprimeret.
1056 933 1140 998 haud
1158 952 1227 999 raro
1247 935 1329 998 enim

197 1055 298 1118 neque
326 1037 534 1121 cogitationes
561 1037 688 1121 Iosephi
715 1038 793 1103 satis
820 1037 982 1120 perplexas
1009 1038 1075 1104 ullo
1104 1038 1197 1104 modo
1225 1043 1331 1103 mente

198 1143 283 1224 oepit
296 1148 329 1207 et
346 1143 512 1225 perspexit,
529 1143 637 1208 sedne
651 1143 866 1229 compaginem
886 1144 1012 1227 quidem
1026 1145 1232 1227 syntecticam
1247 1163 1331 1210 com-

197 1247 448 1331 positionemque
479 1249 648 1314 uerborum
685 1248 892 1314 difficiliorem
930 1250 1061 1315 enodare
1098 1269 1199 1333 neque
1235 1267 1330 1314 uoces

197 1353 327 1418 rariores
353 1353 487 1420 Graecas
509 1354 705 1438 interpretari
729 1355 807 1420 satis
830 1355 941 1420 naluit.
970 1374 1050 1437 qnae
1078 1356 1197 1438 optime
1220 1355 1330 1440 paucis

198 1459 304 1525 uerbis
327 1460 390 1525 iam
413 1459 542 1525 Niesius
565 1461 688 1526 monuit
711 1459 821 1545 (praei.
849 1481 880 1545 p.
903 1461 1020 1539 XXIII,
1045 1462 1084 1526 oi.
1109 1463 1204 1527 etiam
1227 1461 1292 1526 nol.
1315 1461 1331 1525 1

198 1586 228 1648 p.
245 1564 345 1652 LlII):
361 1567 484 1642 ,omitto
505 1567 532 1631 si
552 1566 627 1648 quid
645 1586 704 1630 non
724 1566 892 1644 intellexit3
911 1585 1013 1648 neque
1032 1567 1114 1632 enim
1132 1587 1202 1633 raro
1221 1568 1330 1649 lapsus

199 1674 262 1748 est;
287 1671 342 1736 sed
366 1691 423 1737 nec
446 1673 615 1756 particulas
639 1691 695 1740 nec
713 1678 855 1757 tempora
873 1675 951 1739 satia
971 1674 1148 1758 distinguit,
1167 1693 1225 1739 nec
1242 1678 1333 1739 cunut

199 1778 425 1842 sententiarum
450 1798 560 1843 nerum
585 1782 641 1843 aut
662 1779 831 1844 uerborum
860 1779 1008 1845 ordinem.
1042 1785 1092 1844 est
1120 1779 1176 1845 ubi
1205 1779 1333 1844 omittat

199 1902 278 1965 qnae
298 1901 357 1947 uon
378 1883 531 1949 intellexit
545 1888 601 1949 aut
619 1884 759 1949 difficilia
778 1885 895 1964 eludat,
915 1905 972 1950 neo
991 1886 1089 1962 deest,
1104 1886 1160 1951 ubi
1180 1883 1331 1968 quaedam

199 1989 369 2054 adiecerit’
391 1991 446 2056 ubi
466 2009 540 2054 uero
558 1990 651 2072 plana
669 1994 766 2068 erant,
787 1991 916 2073 quaein
936 1993 1103 2073 exemplari
1123 2011 1180 2056 sno
1195 1989 1331 2067 inuenit,

198 2096 393 2178 frequentius
413 2096 491 2161 satis
510 2100 655 2161 accurate
672 2097 770 2163 uertit
787 2102 819 2161 et
837 2097 863 2162 si
881 2097 986 2163 minus
1005 2099 1179 2179 elegantem
1195 2099 1228 2160 at
1246 2100 1331 2161 certe

198 2202 401 2285 perspicuum
425 2221 596 2267 sermonem
622 2202 735 2286 prodit.
760 2221 821 2284 quo
845 2203 882 2268 de
902 2221 1044 2298 sermone
1067 2221 1148 2267 nunc
1171 2202 1250 2266 mihi
1268 2220 1328 2265 non

200 2310 250 2372 est
270 2307 301 2371 in
325 2309 428 2374 animo
452 2310 542 2390 plura
566 2309 678 2379 dicere.
698 2327 798 2392 pauca
815 2328 890 2374 uero
909 2308 1005 2374 liceat
1022 2308 1140 2388 afferre,
1160 2327 1195 2373 er
1215 2307 1331 2389 quibus

199 2417 350 2495 qnantum
384 2433 402 2478 a
433 2432 508 2478 uero
531 2432 764 2496 nonnumquam
789 2414 981 2480 aberranerit
1003 2416 1214 2497 quantamque
1237 2413 1332 2477 fidem

199 2522 355 2583 mereatur
380 2521 516 2603 perspici
543 2521 656 2603 possit.
683 2520 974 2585 luculentissimum
1002 2522 1035 2583 et
1056 2520 1134 2584 satis
1162 2519 1330 2583 ridiculum

199 2642 334 2689 errorem
357 2624 618 2707 deprehendimus
636 2646 667 2711 p.
688 2627 740 2706 53,
760 2627 795 2690 4:
819 2625 952 2690 otidum
970 2626 1140 2706 sapientem
1154 2675 1163 2692 .
1179 2676 1187 2692 .
1203 2674 1210 2690 .
1224 2625 1332 2690 sirum

198 2728 292 2812 refert
323 2731 463 2794 timuisse
494 2734 522 2794 et
553 2732 635 2794 circa
665 2736 758 2795 semet
787 2731 892 2812 ipsum
921 2733 949 2794 et
977 2729 1062 2811 opud
1083 2713 1183 2813 iopen
1204 2730 1332 2794 deorum

206 2834 388 2912 Volcanum,
411 2836 467 2899 ubi
486 2835 605 2901 Graeca
624 2837 701 2902 lraec
717 2839 766 2899 cdv
788 2839 881 2920 σοφὸν
896 2887 903 2900 .
919 2888 926 2902 .
943 2883 950 2898 .
966 2833 1060 2918 ἄνδρα
1082 2829 1236 2897 ὑπαδεῐααι
1256 2835 1332 2916 πρὸς

200 2935 288 3003 αὐτόν
310 2963 341 3003 τε
362 2943 480 3004 καὶτὸν
508 2943 634 3024 βασιλέα
660 2942 753 3028 χόλον
776 2953 833 3005 τῶν
861 2944 941 3004 θεῶν
965 2941 1017 3005 uir
1040 2940 1202 3024 interpreti
1225 2939 1333 3003 futura

198 3045 334 3110 ficissent
357 3045 497 3111 difficilia
516 3046 689 3120 intellectu,
709 3045 769 3110 nisi
792 3045 886 3131 χὸλαν
910 3046 1041 3110 formam
1061 3063 1121 3109 uon
1143 3042 1204 3108 sibi
1224 3045 1330 3107 uotam

200 3171 271 3216 cum
285 3152 387 3238 χωλὸν
404 3152 608 3218 confudisset.
624 3152 706 3216 unde
723 3155 826 3217 ortum
845 3152 903 3229 est,
918 3136 955 3215 nt
971 3169 1025 3233 pro
1043 3150 1171 3214 deorum
1187 3149 1233 3212 ira
1248 3149 1332 3213 olau-

199 3258 274 3324 dum
292 3258 384 3323 illum
408 3259 501 3323 deum
520 3259 696 3323 Vulcanum
719 3261 891 3340 reponeret.
919 3276 954 3322 ac
984 3275 1057 3320 uero
1090 3273 1206 3327 uoourn
1237 3250 1333 3336 ἱερεὺς

202 3370 234 3429 et
251 3360 330 3448 ἱερὸν
353 3367 385 3428 et
406 3362 510 3448 ἱερεῖον
529 3365 667 3449 pluriens
687 3364 780 3428 aliam
798 3383 854 3445 pro
874 3361 935 3427 aliu
954 3361 1194 3442 intellexitque
1213 3359 1332 3423 factum

200 3474 259 3546 est,
292 3474 329 3535 ut
359 3489 388 3552 p.
423 3472 496 3549 102,
533 3472 571 3536 18
604 3469 739 3535 Graecos
773 3470 805 3533 et
836 3468 1024 3532 Macedones
1053 3465 1269 3530 sacerdotibus
1293 3463 1331 3528 ad

200 3575 309 3657 epulas
324 3595 400 3642 usos
420 3597 489 3642 esse
509 3576 718 3642 contenderet.
738 3575 846 3639 uideas
866 3573 928 3638 alia
950 3573 1101 3656 exemplu,
1120 3572 1211 3635 uelut
1228 3589 1258 3652 p.
1281 3571 1332 3645 15,

200 3683 243 3746 23
265 3681 390 3762 Epiros
410 3703 466 3766 pro
484 3684 576 3774 litora
595 3683 745 3766 positum,
765 3701 794 3763 p.
816 3682 867 3759 l8,
889 3680 928 3742 17
950 3678 1158 3762 δασμαλαγῶν,
1177 3675 1332 3753 dissidens

199 3807 230 3870 p.
256 3789 308 3864 36,
338 3789 357 3853 8
386 3786 520 3860 ὀκλάζειν
548 3807 626 3852 onus
647 3791 786 3868 portare,
820 3787 872 3862 54,
904 3787 919 3849 1
949 3786 1094 3870 τυφῶνας
1120 3782 1213 3846 ualde
1238 3801 1333 3859 prac-

200 3892 288 3966 cclsc,
313 3893 366 3969 63,
386 3893 406 3957 8
430 3904 598 3976 προσποιεῖν
622 3888 729 3962 αὐτοὺς
744 3891 906 3975 falsitates
927 3889 1081 3963 iuducere,
1106 3888 1158 3963 81,
1183 3888 1222 3950 18
1247 3882 1335 3956 ἀξιῶν

201 3999 378 4079 άίραὶίαίρε,
413 3999 486 4073 132,
518 4000 539 4062 3
567 4002 760 4085 στεφανώσας
791 3997 903 4077 farsum
934 3995 963 4057 ci
994 3993 1179 4056 corruiturus
1211 3991 1333 4071 aliaque

201 4104 311 4168 multa.
346 4123 439 4186 quare
472 4124 532 4169 non
564 4104 738 4169 mirandum
773 4106 832 4181 est,
868 4101 954 4184 quod
990 4100 1027 4165 de
1065 4098 1201 4164 Choerili
1224 4095 1334 4161 *Samii

202 4209 347 4274 uersibus
376 4210 543 4294 desperans
566 4231 596 4294 p.
622 4211 674 4287 38,
704 4212 723 4273 3
753 4209 871 4274 Graeca
897 4225 958 4271 non
986 4207 1174 4288 intellegens
1202 4202 1333 4267 uerbum
