3036 4756
417 308 1089 380 011111Αρὶο1111111184-1901111111)
1264 315 1304 378 41

175 503 339 569 undecimo
371 502 496 584 quidem
530 521 609 566 anno
641 504 716 584 post
746 505 881 566 mortem
917 501 1094 577 Alexandri,
1131 502 1307 586 olympiade

174 630 249 675 uero
283 608 418 692 septima
450 611 482 672 et
514 607 635 673 decima
667 611 760 690 atque
793 606 974 683 centesima,
1009 607 1105 671 sicuti
1133 608 1228 673 refert
1252 608 1306 674 Ca·

175 719 251 795 ator,
284 715 423 780 adiciens
453 713 535 778 enim
565 714 645 779 hanc
676 712 886 797 olympiadem
910 713 1001 779 dicit:
1034 711 1118 790 „Sub
1146 711 1206 779 hac
1233 715 1306 780 Pto·
1331 712 1393 778 185

174 822 316 886 lomaeus
352 819 458 902 Lagus
495 818 574 883 uicit
610 820 642 883 iu
681 819 765 884 Gaza
801 819 885 884 bello
922 819 1120 883 Demetrium
1156 819 1307 904 Antigoni

145 927 230 1010 aqui
261 925 436 990 uocabatur
463 924 639 990 obsessor.“
681 923 891 988 Alexandrum
919 943 994 988 uero
1022 923 1209 1007 profitentur
1240 925 1308 989 uni-

174 1031 260 1097 uersi
287 1030 460 1096 centesima
486 1034 518 1094 et
546 1033 657 1111 quarta
686 1029 806 1094 decima
839 1030 1015 1112 olympiade
1047 1030 1147 1095 luisse
1181 1031 1307 1096 defunc·

174 1143 254 1203 tum.
278 1137 382 1220 palam
407 1155 480 1220 ergo
505 1139 564 1213 est,
589 1135 663 1218 quia
686 1139 718 1200 et
741 1135 916 1202 secundum
937 1135 1018 1199 illud
1040 1139 1167 1217 tempus
1192 1141 1224 1201 et
1247 1137 1306 1202 sub

174 1243 345 1308 Alexandro
383 1260 482 1325 genus
520 1241 651 1306 florebat
682 1243 836 1305 nostrum.
875 1240 952 1305 dicit
981 1241 1081 1325 igitur
1117 1240 1306 1320 Hecataeus,
1330 1241 1393 1307 186

176 1349 249 1432 quia
270 1351 344 1430 post
363 1345 608 1411 Gaaaexbellum
627 1346 829 1410 Ptolomaeus
851 1346 994 1411 locorum
1018 1366 1097 1429 quae
1125 1351 1200 1412 sunt
1225 1347 1308 1413 circa

131 1478 157 1518 ro
176 1454 296 1538 Syriam
321 1452 466 1517 dominus
490 1455 539 1516 est
562 1452 693 1516 effectus
718 1456 750 1516 et
771 1451 865 1516 multi
890 1452 1054 1517 hominum
1080 1457 1307 1536 cognoscentes

174 1557 448 1623 mansuetudinem
481 1558 513 1620 et
544 1555 744 1620 clementiam
776 1556 952 1621 Ptolomaei
982 1575 1055 1621 cum
1086 1575 1121 1621 eo
1151 1557 1307 1641 proficisci

175 1664 215 1728 ad
232 1664 412 1746 Aegyptum
437 1665 469 1725 et
493 1661 586 1725 rebus
611 1662 840 1726 commonicare
862 1662 1041 1740 uoluerunt,
1062 1682 1193 1744 quorum
1212 1682 1305 1741 unus,
1330 1663 1392 1729 187

174 1769 287 1852 inquit,
306 1772 373 1832 erat
390 1767 540 1832 Ezechias
559 1767 700 1850 pontifex
717 1767 915 1845 ludaeorum,
939 1768 1032 1832 homo
1058 1770 1160 1832 aetate
1180 1768 1306 1850 quidem

176 1875 266 1957 quasi
296 1873 456 1958 sexaginta
484 1878 516 1938 et
543 1892 597 1938 sex
626 1893 787 1950 annorum,
813 1873 966 1958 dignitate
989 1894 1064 1939 uero
1088 1874 1172 1955 apud
1195 1874 1306 1939 contri·

133 2005 158 2045 11
175 1980 268 2044 bulos
304 1979 460 2044 maximus
493 1983 525 2043 et
556 1979 658 2042 animo
693 1979 956 2061 sapientissimus,
993 1980 1236 2063 potentissimus
1268 1980 1307 2044 ad

176 2085 342 2150 dicendum
373 2089 405 2149 et
434 2086 516 2149 circa
546 2104 658 2150 causas
682 2085 767 2149 sicut
789 2085 896 2150 nullus
921 2087 1001 2150 alter
1023 2089 1197 2169 expertus.“
1229 2086 1307 2150 dicit
1330 2087 1392 2152 188

177 2192 272 2256 etiarn
301 2210 410 2256 omnes
439 2191 616 2255 sacerdotes
639 2191 837 2269 ludaeorum,
863 2190 917 2273 qui
945 2191 1070 2255 deoatas
1095 2191 1254 2273 accipiunt
1276 2194 1308 2255 et

179 2297 327 2361 uniuersa
358 2296 390 2359 in
423 2296 582 2361 communi
612 2297 796 2381 gubernant,
829 2297 912 2361 circa
941 2297 1027 2360 mille
1058 2301 1090 2360 et
1120 2298 1307 2381 quingentos

178 2404 318 2467 existere.
338 2421 447 2466 rursus
462 2406 568 2466 antem
587 2402 739 2484 praedicti
756 2403 819 2466 uiri
837 2402 956 2466 faciens
975 2403 1174 2481 mentionem,
1193 2403 1307 2485 inquit,
1332 2404 1393 2470 189

134 2535 161 2574 eo
182 2507 302 2583 „Homo
316 2507 401 2571 hunc
419 2508 567 2572 honorem
586 2526 696 2592 gerens
716 2511 748 2571 et
767 2510 913 2572 assuetus
933 2527 1003 2572 esse
1022 2508 1197 2587 nobiscum,
1217 2508 1307 2572 adsu-

178 2632 266 2676 mens
290 2613 412 2694 aliquos
436 2632 576 2691 suorum,
600 2613 806 2677 differentiam
832 2615 976 2677 cunctam
1000 2613 1145 2695 exposuit
1167 2615 1199 2677 et
1221 2613 1309 2678 habi·

179 2719 330 2783 tationem
362 2738 452 2782 suam
483 2721 514 2782 11
543 2718 822 2797 conuersationem,
856 2737 949 2800 quam
980 2719 1129 2800 scriptam
1159 2718 1306 2798 habebat,
1341 2717 1344 2726 “

178 2824 295 2904 pariter
316 2822 496 2888 indicauit.“
524 2823 634 2886 deinde
657 2823 760 2905 palam
783 2823 860 2887 facit
881 2823 1069 2901 Hecataeus,
1095 2824 1202 2905 quales
1227 2824 1309 2889 circa
1332 2827 1396 2894 190

179 2947 181 2950 ⁴
264 2979 343 3045 aaa,
363 2977 415 3040 oe,
434 2993 459 3034 0.
478 3008 511 3017 -
530 2981 562 3041 u,
582 2977 623 3031 ea.
643 2994 682 3047 pr.

213 3103 229 3156 3
248 3101 329 3170 euim]
348 3101 372 3155 ei
391 3116 408 3155 e
461 3103 479 3154 4
496 3101 597 3170 Lagus]
617 3101 769 3154 codicemd
787 3102 916 3168 sequitur,
935 3101 1023 3171 Act-soa
1038 3101 1078 3155 eet.
1087 3119 1133 3170 pr.
1204 3119 1269 3171 gara
1280 3103 1309 3157 R

179 3191 193 3241 7
213 3189 358 3242 secundum
376 3187 444 3241 illud
463 3189 579 3256 tempus]
599 3190 655 3240 κατ’
675 3188 771 3240 ἐκεῖνον
791 3190 858 3258 (ecit.
877 3189 1078 3255 Ptolomaeum)
1097 3192 1120 3241 Λ
1191 3190 1207 3243 8
1231 3190 1307 3258 dicit]

178 3277 311 3331 dicituro
367 3276 529 3345 Hecataeus]
549 3276 675 3330 ecatheus
693 3276 775 3380 LHR
794 3281 844 3348 e(e
856 3277 891 3344 Ο)
904 3277 1014 3331 chateus
1035 3277 1084 3331 ΟΡ
1144 3278 1306 3347 Hecataeus]

182 3385 318 3453 Ἑκαταῖος
336 3391 411 3444 πάλιν
430 3391 490 3444 τάδε
545 3392 561 3444 9
580 3391 679 3460 Gazae]
699 3392 759 3460 gaie
778 3393 802 3461 (a
819 3409 840 3446 1.
855 3391 904 3463 L³]
917 3392 944 3445 L
962 3394 1007 3462 gai
1021 3393 1076 3448 BR
1093 3403 1158 3463 gaze
1172 3393 1200 3446 P
1217 3393 1276 3447 Gaii
1291 3407 1308 3446 1

213 3478 329 3548 ptoloma
347 3478 401 3532 LB
464 3479 495 3532 ll
515 3479 665 3548 ptholomei
681 3479 710 3534 R
781 3480 850 3549 cnm]
869 3481 941 3534 inter
957 3497 1026 3534 uera.
1047 3480 1111 3534 add.
1130 3481 1168 3534 L¹
1186 3498 1236 3538 om.
1254 3481 1310 3535 ΒΡ

179 3567 212 3620 13
232 3569 355 3637 ezequias
368 3569 396 3621 P
457 3569 490 3622 14
508 3569 659 3637 sexaginta]
676 3567 747 3620 LXX
764 3568 862 3621 tabuit
874 3573 890 3621 1
898 3585 931 3622 m.
945 3571 981 3635 R,
999 3569 1023 3621 X
1037 3570 1175 3636 posterius
1188 3585 1255 3623 erae.
1270 3574 1309 3622 eat

213 3655 411 3711 contribuleae
466 3658 499 3710 16
518 3655 673 3710 discendum
695 3655 744 3709 ΟΡ
813 3657 918 3725 causas]
939 3673 1044 3710 causam
1066 3657 1115 3710 GP
1179 3657 1211 3710 17
1230 3657 1307 3711 deca-

177 3747 232 3814 tas]
251 3749 307 3798 ·tas
325 3745 356 3797 ia
373 3760 429 3797 rae.
448 3744 475 3798 B
493 3745 620 3798 decathas
638 3744 666 3798 R
684 3744 798 3798 decadas
820 3744 869 3798 ΟΡ
884 3746 932 3815 τὴν
951 3744 1061 3814 δεκάτην
1083 3751 1135 3798 τῶν
1152 3745 1290 3816 γινομένων

180 3831 212 3884 18
230 3832 366 3900 uniuersa]
386 3832 474 3884 omnia
487 3832 515 3887 R
571 3833 603 3886 19
622 3833 722 3902 iuquit]
738 3826 821 3893 οὗτος,
837 3831 913 3904 φησίν
966 3834 1001 3887 20
1020 3835 1154 3901 assuetus]
1171 3831 1306 3902 coeptae·

177 3920 209 3970 21
231 3920 347 3986 snorum]
363 3934 498 3972 serrorum
513 3919 540 3974 R
594 3921 626 3974 21
645 3924 673 3973 11
685 3918 953 3974 habitationem-23
966 3919 1110 3989 indicauit]
1129 3920 1239 3973 Graeca
1251 3935 1308 3972 aon

178 4007 243 4060 bene
264 4007 399 4060 intellexit
420 4007 553 4075 interpres
641 4009 676 4061 22
704 4010 790 4077 suam]
815 4005 900 4060 αὐτῶν
988 4010 1022 4063 23
1046 4008 1148 4078 pariter
1165 4007 1306 4074 indicauit]

178 4095 243 4148 udd.
261 4095 393 4161 interpres
452 4095 527 4165 lacit]
546 4111 579 4149 ex
597 4112 664 4150 corr.
683 4096 711 4148 B
764 4097 890 4150 ecatheus
908 4096 991 4151 LBP
1007 4097 1165 4150 ecchataeue
1184 4096 1211 4151 R
1230 4094 1307 4148 echa·

177 4181 282 4236 11110
351 4182 429 4252 circa]
450 4182 514 4252 πρὸς
