3036 4756
207 297 308 362 XLVI
662 293 879 350 Praefatio.

208 492 283 553 aaut
297 487 420 553 codices
440 506 533 553 manu
554 488 674 570 scripti,
688 489 720 554 in
740 488 855 571 quibus
875 507 934 554 non
954 488 1016 554 duo
1035 490 1090 554 sed
1109 494 1173 554 tres
1192 491 1264 556 libri
1283 510 1339 555 nu-

208 597 376 659 merantur.
399 594 471 659 indo
495 613 512 656 a
533 593 608 659 libri
630 594 760 659 alterins
783 594 975 679 paragrapho
1002 596 1063 659 145
1093 593 1116 660 C
1145 599 1177 660 et
1202 597 1234 660 H
1257 597 1340 662 etsi

207 699 290 765 hunc
313 699 425 764 addere
447 699 524 763 licet
545 699 573 764 R
596 699 724 764 tertium
747 698 900 781 incipiunt
922 700 1048 764 librum.
1072 701 1233 767 Parisinus
1256 703 1338 767 enim

207 805 303 870 codex
326 805 412 869 5049
436 802 491 889 (R)
514 805 640 869 saeculo
662 803 740 868 XIII
770 804 917 886 primitus
950 805 1075 888 quidem
1108 806 1193 871 solos
1224 808 1339 892 uiginti

206 910 440 1003 Antiquitatum
471 909 671 976 Iudaicarum
705 913 736 974 et
768 911 887 992 septem
922 910 960 974 de
987 910 1071 976 bello
1094 911 1219 976 IudaIco
1241 913 1338 978 libros

208 1019 241 1082 et
263 1017 441 1082 continebat
460 1020 493 1081 ct
510 1017 705 1084 numerabat.
730 1017 855 1081 sacculo
875 1021 980 1082 autem
999 1017 1119 1084 decimo
1139 1020 1247 1100 quinto
1267 1038 1338 1084 eum

208 1121 310 1187 codici
346 1122 393 1186 illi
429 1124 590 1204 tamquam
628 1121 883 1206 supplementum
919 1124 1202 1189 intermitterentur
1233 1128 1340 1190 contra

207 1228 361 1311 Apionem
384 1227 467 1305 libri,
492 1229 528 1291 ut
549 1227 681 1311 triginta
703 1228 855 1294 librorum
887 1247 1036 1295 numeras
1064 1230 1282 1312 compleretur,
1305 1231 1336 1293 in

208 1338 272 1398 ires
296 1333 390 1398 diuisi
414 1337 498 1401 sunt.
531 1338 625 1416 atque
648 1333 680 1397 in
704 1333 878 1416 antiquiore
900 1335 974 1399 libri
997 1335 1090 1418 primi
1117 1334 1193 1400 belli
1218 1335 1338 1400 Iudaici

207 1439 410 1520 inscriptione
443 1442 568 1516 sacculo
600 1439 690 1504 XHP
722 1439 879 1524 descripta
910 1441 981 1505 bac:
1015 1446 1086 1521 poet
1117 1441 1339 1521 antiquitatum

207 1544 301 1608 libros
322 1545 436 1626 aipiaii
456 1543 491 1608 tr·
511 1551 683 1625 sequantur
709 1546 763 1624 qai
790 1547 982 1626 captiuitatis
1004 1546 1152 1610 Iudaicae
1174 1552 1203 1610 ei
1225 1545 1339 1609 excidii

207 1649 402 1714 Ibcrasatem
419 1649 631 1714 inscribantur
646 1669 773 1714 numero
790 1656 903 1730 septem
921 1670 1032 1716 manus
1052 1651 1170 1716 saeculi
1188 1651 1253 1717 XV'
1266 1657 1341 1734 post

206 1757 320 1839 aipiaii
342 1756 476 1822 inseruit
497 1761 569 1835 tres,
592 1756 625 1820 in
648 1756 726 1840 ipsis
750 1759 854 1820 autern
877 1756 968 1821 libris
991 1756 1030 1822 de
1052 1759 1212 1822 uetustate
1230 1757 1338 1822 ludae-

207 1882 297 1929 orum
326 1862 388 1927 dixi
415 1862 525 1927 abesse
552 1865 585 1926 ct
605 1861 826 1945 inscriptiones
850 1865 883 1926 et
905 1861 1153 1944 subscriptiones
1175 1862 1337 1941 librorum,

208 1969 270 2033 nisi
294 1967 377 2051 qnod
408 1968 439 2031 in
471 1967 531 2032 fine
563 1966 679 2051 legitur
705 1966 820 2040 Codex.
839 1968 1005 2031 uniuersae
1035 1967 1179 2031 iudaicae
1205 1968 1339 2052 antiqui-

207 2076 283 2138 tatis
313 2075 437 2154 optimis
467 2073 619 2154 auspiciis
649 2072 769 2153 finitor,
797 2077 1020 2156 praetereaque
1046 2073 1168 2138 litteras
1191 2074 1337 2150 initiales,

206 2181 253 2245 ita
270 2183 307 2244 ut
324 2179 492 2263 tripertitio
511 2197 619 2243 recens
637 2177 779 2242 habenda
796 2181 829 2242 et
845 2176 912 2242 XV¹
931 2178 1056 2242 demum
1076 2179 1194 2246 saeculi
1210 2178 1338 2243 librario

206 2285 374 2350 tribuenda
400 2285 452 2349 sit.
482 2288 513 2350 et
540 2303 613 2349 cam
636 2284 839 2349 Harleianum
863 2283 901 2348 ab
924 2284 953 2349 R
974 2284 1108 2367 pendere
1131 2284 1190 2349 hac
1213 2303 1339 2366 quoque

206 2411 243 2456 ex
278 2391 445 2474 partitione
475 2390 627 2454 librorum
664 2389 743 2454 satis
780 2391 936 2471 appareat,
970 2387 995 2454 0
1037 2389 1155 2454 codicis
1191 2389 1338 2454 librarius

205 2497 325 2579 primus
354 2500 386 2560 et
407 2495 471 2560 iere
494 2495 592 2574 solus,
615 2497 654 2559 ut
676 2513 789 2577 corpus
812 2495 943 2578 triginta
964 2494 1114 2560 librorum
1136 2495 1262 2578 Iosepbi
1287 2496 1339 2559 ha-

206 2602 301 2679 beret,
333 2604 397 2667 tres
428 2602 527 2666 libros
559 2605 667 2665 contra
697 2599 852 2682 Apiouem
888 2599 1037 2665 diuisisse
1074 2600 1273 2682 conspicitur.
1306 2600 1337 2664 in

204 2708 374 2773 Bodleiano
399 2707 531 2790 denique
555 2707 633 2772 libro
652 2705 778 2770 initium
797 2704 924 2788 quidem
943 2705 1024 2769 illud
1041 2705 1127 2770 tertii
1144 2704 1217 2769 libri
1235 2705 1340 2770 littera

205 2813 318 2878 initiali
350 2812 515 2896 splendida
544 2811 733 2895 insignitum
775 2814 832 2890 est,
861 2810 917 2876 sed
944 2811 1005 2875 duo
1042 2813 1166 2876 tantum
1201 2811 1275 2876 libri
1305 2811 1338 2875 in

139 2976 143 2981 .
208 2918 440 3002 subscriptione
476 2921 690 2982 numerantur.
728 2917 868 3000 capitula
904 2916 1016 2981 diuisit
1045 2916 1166 2998 primus
1184 2916 1340 2982 Robertus

206 3022 346 3101 Gonllet,
365 3023 476 3089 deinde
492 3024 583 3088 aliter
601 3021 788 3104 dispertiens
802 3022 997 3100 Hudsonius,
1016 3022 1122 3105 capita
1135 3022 1341 3087 Hudsouiana

205 3133 240 3193 et
262 3132 384 3211 praeter
406 3147 443 3193 ea
470 3127 680 3212 paragraphos
709 3127 824 3192 adiecit
851 3147 945 3210 quern
972 3146 1031 3212 ego
1061 3145 1176 3209 sequor
1197 3127 1338 3192 Niesius.

466 3318 561 3401 510.
584 3317 640 3382 De
664 3315 864 3383 editionis
889 3316 1075 3383 consilio.

249 3442 293 3504 le
324 3440 374 3519 iis,
399 3459 478 3523 quae
512 3439 550 3505 de
582 3441 668 3505 fonte
698 3438 828 3516 Gracco,
856 3439 894 3504 de
927 3440 1072 3505 codicum
1097 3441 1275 3525 archetypo,
1299 3440 1338 3506 de

204 3547 384 3627 interpretis
400 3543 505 3610 studio
524 3563 560 3608 ac
579 3544 722 3609 doctrina
740 3543 912 3626 disputem,
930 3545 1016 3609 facili
1036 3545 1161 3628 negotio
1177 3547 1339 3631 colligitur

205 3653 235 3716 in
260 3651 349 3715 libris
371 3650 497 3735 Iosepbi
520 3652 628 3716 contra
649 3649 802 3733 Apionem
825 3650 944 3714 Labois
963 3651 1148 3716 cautissime
1167 3670 1236 3717 esse
1256 3671 1339 3716 exer-

205 3758 335 3821 cendam
377 3759 475 3821 artem
512 3755 665 3820 criticam.
701 3755 829 3819 luerunt
864 3755 948 3820 enim
988 3758 1037 3820 tot
1074 3757 1269 3839 corruptelae
1306 3758 1338 3822 in

205 3861 323 3927 Graeco
357 3861 536 3944 exemplari,
569 3863 618 3925 tot
639 3860 726 3926 locos
759 3879 868 3944 parum
906 3861 1060 3926 intellexit
1096 3862 1259 3945 interpres,
1290 3866 1341 3928 tot

205 3968 318 4032 menda
330 3968 451 4032 inerant
468 3967 618 4032 libromm
636 3966 804 4050 archetypo
824 3969 856 4030 et
874 3968 1040 4049 utriusque
1058 3967 1209 4033 librorum
1227 3969 1339 4034 classis

204 4073 306 4138 codici
327 4072 485 4163 primario,
508 4075 546 4136 ut
568 4072 753 4153 saepissime
776 4071 932 4138 dubitatio
961 4074 1127 4151 exoriatur,
1155 4092 1249 4154 quem
1274 4093 1339 4140 cor·

205 4177 362 4260 ruptionis
395 4177 566 4242 babeamus
599 4180 758 4242 auctorem
791 4180 824 4241 ct
855 4181 959 4242 utrum
984 4179 1164 4262 corruptum
1187 4179 1341 4259 inuenerit
