3036 4756
441 291 585 347 Contra
611 292 795 362 Apionem
819 293 856 359 ΙΙ,
875 294 1015 348 293-296
1035 294 1117 362 (XLI)
1280 300 1339 363 141

207 487 282 568 quid
309 487 438 564 iustius,
467 506 560 569 quam
590 486 716 569 legibus
748 485 914 550 oboedire?
943 487 1018 569 quid
1045 487 1169 566 utilius,
1193 508 1286 571 quam
1310 489 1341 553 iu
1366 486 1429 549 294

206 592 374 656 alterutros
397 587 560 655 unanimes
584 609 653 655 esse
678 593 710 654 et
727 610 828 672 neque
847 591 879 655 in
898 591 1130 656 calamitatibus
1150 594 1188 657 ab
1207 593 1343 658 inuicem

206 696 359 774 secedere,
379 715 479 779 neque
498 699 638 778 tempore
656 696 844 761 felicitatum
862 716 918 777 per
935 696 1066 760 iniurias
1085 697 1272 781 discrepare,
1288 698 1343 763 sed

204 801 236 865 iu
259 802 341 866 bello
367 803 495 884 quidem
517 804 651 866 mortem
675 803 883 877 contemnere,
903 801 935 865 in
958 820 1035 884 pace
1053 821 1128 866 uero
1148 802 1268 868 artibus
1289 808 1344 867 aut

173 909 272 990 eagri
297 909 438 972 culturae
470 926 583 971 uacare
612 909 645 970 et
671 924 794 988 semper
822 909 854 970 et
880 907 998 989 ubique
1027 908 1151 972 credere
1181 908 1274 972 deum
1296 926 1343 972 re·

205 1012 325 1094 spicere
358 1015 391 1075 et
421 1012 526 1077 solum
559 1012 664 1077 omnia
694 1011 888 1096 gubernare?
920 1011 998 1076 baec
1031 1012 1130 1095 igitur
1157 1013 1185 1078 si
1214 1013 1341 1096 quidem
1364 1010 1429 1073 295

205 1116 289 1197 apud
316 1116 395 1180 alios
424 1119 479 1180 aut
509 1117 628 1199 scripta
654 1119 730 1182 sunt
755 1117 903 1200 primitus
932 1120 987 1181 aut
1015 1121 1150 1195 semma,
1174 1118 1343 1182 firmiorem

205 1220 357 1286 debemus
389 1241 446 1287 nos
479 1222 613 1306 gratiam
644 1222 709 1287 illis
743 1227 902 1303 tamquam
936 1241 1043 1287 eorum
1075 1223 1152 1287 facti
1185 1223 1342 1305 discipuli,

205 1326 283 1398 <si>
308 1345 382 1391 uero
408 1323 616 1413 [nequaquam
640 1327 788 1414 primitus
813 1325 992 1414 extiterunt]
1021 1328 1071 1392 his
1094 1329 1261 1410 praecipue
1286 1347 1342 1393 uos

162 1456 187 1495 ιο
205 1433 330 1495 utentes
364 1432 564 1516 agnoscimur
596 1435 628 1496 et
659 1432 794 1514 primam
826 1451 935 1496 eorum
967 1433 1180 1496 incentionem
1203 1436 1343 1497 nostram

205 1536 305 1600 fuisse
330 1536 537 1613 declaramus,
560 1537 700 1619 Apioues
724 1534 845 1623 [igitur]
871 1540 903 1600 et
925 1537 1068 1602 Molones
1093 1540 1125 1601 et
1152 1537 1343 1621 quicumque

204 1639 360 1704 mendacii
393 1640 594 1724 derogatione
627 1641 825 1724 congaudent
857 1642 994 1706 conuicti
1024 1641 1135 1723 procul
1164 1642 1342 1707 abscedant.

205 1744 264 1807 tibi
289 1748 404 1823 autem,
429 1746 652 1831 Epaphrodite,
676 1747 842 1811 ueritatem
863 1748 996 1811 maxime
1016 1748 1160 1830 diligenti
1179 1752 1211 1812 et
1232 1767 1289 1830 per
1310 1750 1343 1813 te
1366 1747 1431 1810 296

206 1847 323 1912 similia
349 1869 441 1915 nosse
473 1851 511 1915 de
539 1854 646 1917 nostro
676 1871 787 1936 genere
811 1852 1024 1935 cogitantibus
1047 1853 1099 1916 hic
1121 1852 1249 1917 libellus
1273 1872 1343 1918 con-

161 1979 188 2020 ιι
206 1953 344 2034 scriptus
367 1973 437 2020 esse
461 1955 645 2022 dinoscitur.
1410 1945 1411 1948 ¹

294 2220 374 2287 LBR,
393 2220 445 2285 ΟΡ,
464 2236 489 2276 e.
509 2250 543 2260 -
561 2221 594 2285 A,
614 2221 655 2275 ed.
673 2237 713 2290 pr.

244 2393 352 2462 lquid
373 2393 484 2463 iustius]
504 2409 554 2446 υοι.
573 2394 601 2449 R
672 2393 748 2463 quid]
767 2391 785 2463 ἦ
806 2392 830 2446 τί
899 2393 1067 2447 3ιουοι1οιο
1085 2392 1184 2448 LBRc
1202 2393 1343 2448 seccedere

207 2480 367 2534 Gsetodere
385 2480 413 2532 P
495 2484 616 2550 tempore
635 2480 808 2551 felicitatum]
827 2485 948 2549 tempore
966 2480 1040 2533 felici
1056 2483 1164 2534 tantum
1184 2479 1251 2534 Oto
1270 2480 1342 2533 εὐτυ·

205 2564 274 2637 χίαις
346 2566 445 2619 iniuria
462 2567 490 2621 R
562 2569 693 2622 5uocare
711 2567 738 2621 L
810 2570 839 2621 et
857 2568 1014 2636 semper-d
1033 2567 1193 2636 gubernare]
1212 2566 1296 2619 πάντα
1315 2564 1341 2617 δὲ

205 2653 249 2704 καὶ
266 2659 399 2722 πανταχοῦ
418 2654 557 2706 πεπεῖσθαι
574 2655 618 2706 τὸν
636 2655 700 2705 θεὸν
719 2653 891 2707 ἐποττεὺυντα
910 2653 1003 2706 διέπειν
1083 2655 1100 2707 6
1117 2653 1341 2722 hacc-quidem]

206 2741 276 2791 ταῦτ’
296 2736 319 2789 τὶ
336 2739 376 2792 ed.
391 2756 437 2807 pr.
456 2740 566 2794 caottA
644 2743 659 2794 'l
679 2742 815 2810 primitus]
834 2747 943 2810 πρῶτων
962 2743 986 2794 A
1004 2737 1127 2809 πρότερον
1145 2741 1275 2807 Dr'ndorf
1287 2740 1341 2809 pri·

204 2828 293 2878 metus
313 2828 339 2891 (e
357 2842 390 2880 cx
408 2828 417 2879 i
436 2833 515 2894 corr.)
535 2828 563 2880 P
656 2829 811 2896 firmiorem]
830 2829 849 2880 i.
868 2845 889 2880 e.
910 2827 1086 2896 βεβαιοτέραν,
1106 2827 1272 2897 βεβαιότερον
1292 2827 1343 2891 (ad

206 2909 345 2982 ἐφυλάχθη
363 2913 540 2983 carpendum)
559 2918 583 2969 A
637 2917 653 2968 9
677 2917 711 2984 si]
732 2932 764 2969 ea
784 2915 898 2970 Graecis
914 2917 995 2968 emer.
1014 2914 1123 2982 Setiae,
1142 2915 1216 2968 abeat
1235 2931 1254 2966 α
1271 2913 1343 2968 codd

205 3003 265 3052 ete
372 3003 737 3070 nequaquam—extiterunt]
757 3018 811 3070 pro
831 3003 991 3070 glossemate
1011 3001 1177 3056 occludenda
1199 3017 1254 3055 esse
1271 3006 1341 3068 pato

241 3086 399 3155 extiterunt]
418 3103 469 3140 om.
491 3087 515 3140 0
609 3087 663 3156 his]
687 3088 789 3142 scilicet
811 3089 931 3141 mombar
953 3105 1040 3156 cupra
1062 3089 1209 3154 enarratae,
1229 3089 1304 3141 ουτοι
1322 3105 1341 3141 α

207 3170 323 3226 Graecae
393 3175 546 3244 praecipue]
566 3175 677 3246 μάλιστα
691 3176 793 3228 πάντων
850 3177 883 3230 10
902 3177 1118 3245 cognoscimurc
1188 3177 1339 3229 inuenctio·

204 3275 265 3312 nem
283 3260 311 3312 P
364 3261 395 3316 ll
416 3261 593 3333 declaramus]
613 3261 777 3333 ἐπεδείξαμεν
847 3263 943 3332 igitur]
961 3265 1015 3333 μὲν,
1031 3264 1172 3317 deterserim
1244 3263 1340 3316 mollo·

204 3362 254 3400 nos
272 3346 300 3401 R
372 3349 406 3401 12
425 3348 544 3402 conuicti
562 3350 655 3419 procul
673 3349 831 3419 abscedant]
851 3349 1084 3420 ἔξεληλὲγχθωυαν
1169 3351 1305 3404 coniuncti
1323 3365 1340 3405 ο

240 3433 374 3488 abcedant
391 3434 418 3488 L
436 3435 603 3490 abscendant
619 3437 647 3489 P
713 3436 746 3490 13
765 3437 914 3506 epafrodite
932 3437 1055 3510 LBGP¹
1108 3438 1245 3507 diligenti]
1264 3454 1286 3491 e.
1304 3437 1339 3492 B¹

240 3523 345 3590 perte]
365 3526 441 3591 parte
459 3521 487 3576 R
560 3526 593 3578 14
612 3526 701 3593 nosse]
721 3540 772 3579 om.
791 3523 820 3577 R
891 3524 1086 3594 cogitantibus]
1106 3528 1167 3588 τους
1179 3568 1184 3578 .
1196 3565 1202 3579 .
1213 3567 1220 3579 .
1232 3525 1338 3594 βουλευ-

205 3607 333 3677 σαμένους
351 3612 375 3663 Δ
392 3617 446 3674 τοῖς
457 3651 463 3665 .
474 3652 480 3664 .
492 3652 498 3664 .
510 3610 727 3682 βουλευσαμένοις
746 3612 787 3665 ed.
798 3629 842 3679 pr.
861 3619 914 3674 τοῖς
925 3655 931 3667 .
943 3654 948 3665 .
960 3611 1181 3683 ,βουλησομένοις
1194 3630 1242 3666 τοι.
1255 3613 1340 3666 Niece

239 3695 295 3765 hic]
319 3703 394 3749 τοῦτο
413 3698 503 3750 καὶτὸ
522 3698 570 3768 πρὸ
589 3697 668 3750 αὐτοῦ
775 3698 937 3768 scriptasit
1028 3701 1059 3755 15
1087 3699 1256 3768 dignoscitur
1272 3699 1340 3755 RCc

239 3782 424 3851 Subscriptio:
441 3783 610 3838 EXPLICIT
628 3785 735 3839 LIBER
754 3775 840 3841 SOES
864 3785 986 3840 ELAVII
1008 3787 1152 3841 IOSEPPI
1174 3788 1223 3841 DE
1245 3787 1339 3853 mcv-

204 3870 316 3924 STATE
338 3870 523 3927 IUDeOItVli
545 3871 611 3925 LOr
633 3873 795 3927 EXPLiOIT
818 3861 887 3928 ms.
906 3873 943 3926 11.
963 3874 1261 3936 ruscllzlosurmz
1289 3874 1339 3928 DE

205 3957 413 4012 UETUS'I'A'I'E
431 3958 622 4014 IUDEORUM
636 3960 663 4013 B
677 3960 758 4014 codex
773 3962 897 4030 uniuerso
915 3961 1020 4032 iudaice
1040 3963 1212 4032 antiquitatis
1231 3962 1339 4031 optimis

204 4046 330 4115 auspiciis
353 4046 445 4100 finitur
462 4045 490 4100 R
516 4045 635 4116 Explicit
658 4049 805 4116 capitulum
829 4050 943 4118 primum
955 4049 958 4117 t
971 4049 1089 4120 Explicit
1105 4050 1175 4104 liber
1192 4051 1339 4119 nigesimus

203 4132 303 4185 tercius
317 4132 406 4187 Flauii
424 4133 533 4203 Iosephi
553 4136 646 4187 contra
664 4135 829 4203 apollonium
847 4137 983 4190 melonem
997 4136 1338 4192 etlisimachum÷·12-÷3·

231 4257 344 4300 xxxvll.
357 4258 469 4309 Iosephus
482 4269 534 4309 pen
549 4261 569 4300 c.
1270 4243 1302 4298 ll
