3036 4756
212 295 251 356 12
424 290 567 347 eontra
593 276 775 362 apionem
798 294 820 357 1,
838 295 943 349 ra-rs
962 294 1046 362 (vm.
1064 295 1113 363 rx)

210 485 377 584 quisquam
404 486 522 570 aliquid
549 505 605 551 nec
633 487 753 551 auferre
781 505 838 551 nec
867 489 1085 553 transformare
1113 489 1332 573 praesumpsit.

210 589 355 655 omnibus
377 591 461 656 enim
482 593 636 657 insertum
655 593 704 657 est
721 611 792 657 mor
810 612 847 657 ex
863 594 964 675 prima
986 594 1185 678 generatione
1208 594 1333 659 Iudaeis

210 695 286 760 haec
310 695 416 761 diuina
439 695 586 781 dogmata
608 698 767 763 nominare
790 701 823 762 et
843 700 875 762 in
898 698 948 763 bis
971 700 1081 781 utique
1103 718 1283 782 permanere
1303 702 1334 763 et

159 796 201 859 43
209 803 335 883 propter
357 819 403 878 ea,
427 802 455 866 si
478 805 630 884 oporteat,
654 803 733 867 mori
755 802 897 869 libenter.
920 804 984 868 iam
1010 804 1116 887 itaque
1142 805 1236 869 multi
1264 823 1334 885 cap-

210 906 347 970 tiuorum
369 907 549 989 frequenter
570 908 735 973 tormentis
759 907 861 973 affecti
883 911 1013 974 suntet
1037 913 1153 975 mortes
1176 911 1279 973 uarias
1301 910 1333 973 in
1364 934 1377 974 r

210 1010 340 1076 theatris
367 1012 593 1088 sustinuerunt,
616 1031 654 1077 ne
676 1013 778 1077 ullum
801 1015 934 1078 uerbum
963 1017 1071 1079 contra
1096 1014 1185 1098 leges
1212 1015 1334 1079 ammit-

158 1112 312 1180 ilterent
355 1119 411 1181 aut
456 1118 699 1201 conscriptiones
744 1119 867 1184 habitas
910 1123 1023 1202 postea
1065 1120 1230 1184 uiolarent.
1280 1120 1335 1202 qni

211 1219 399 1286 Graecorum
417 1223 536 1305 aliquid
552 1225 616 1289 tale
634 1242 801 1306 perpessus
820 1227 889 1290 est?
912 1225 1035 1307 qnando
1054 1244 1154 1308 neque
1170 1224 1333 1289 fortuitam

210 1327 364 1392 sustinere
398 1327 568 1393 laesionem
603 1327 727 1407 uolunt,
762 1329 839 1394 licet
874 1331 978 1395 omnia
1014 1330 1097 1414 apud
1133 1349 1187 1395 eos
1219 1329 1335 1411 scripta

159 1430 200 1494 45
210 1430 422 1509 destruantur;
445 1434 543 1497 uerba
565 1433 647 1498 eninr
670 1434 746 1499 haec
769 1427 840 1500 es'se
863 1438 976 1519 putant
1006 1435 1177 1500 secundnm
1201 1435 1379 1500 conseri-10

209 1536 352 1601 bantium
378 1538 559 1604 uoluntates
588 1540 737 1622 exposita.
766 1542 798 1605 et
824 1540 884 1606 hoc
911 1541 995 1605 inste
1020 1541 1114 1606 etiarn
1137 1540 1175 1606 de
1199 1540 1335 1622 antiquis

210 1641 346 1724 sapiunt,
377 1644 523 1726 quoniam
551 1644 673 1726 aliquos
700 1663 783 1709 nunc
810 1664 934 1727 quoqne
964 1645 1086 1710 uident¹
1101 1648 1336 1728 praesumentes

211 1747 249 1812 de
280 1747 330 1812 his
360 1749 455 1814 rebus
488 1749 693 1831 conscribere,
731 1749 846 1832 quibus
883 1770 984 1832 neque
1019 1751 1081 1834 ipsi
1116 1751 1336 1824 interfuerunt,

158 1851 310 1937 ltneque
333 1854 458 1920 credere
481 1854 654 1920 scientibus
680 1853 897 1937 adquiescunt.
920 1847 1052 1938 deniqne
1075 1856 1113 1922 de
1136 1857 1229 1934 bello,
1253 1855 1336 1937 quod

211 1959 295 2042 apud
329 1977 386 2024 nos
426 1960 560 2044 contigit
598 1979 707 2042 nuper,
748 1960 875 2042 qnidam
914 1960 1062 2026 historias
1104 1961 1335 2027 conscribentes
1355 1984 1380 2025 ιι

212 2053 384 2141 ediderunt,
412 2063 487 2128 dum
510 2082 611 2147 neque
634 2063 674 2128 ad
696 2081 733 2127 ea
753 2063 823 2129 loca
845 2064 997 2142 uenerint,
1020 2084 1120 2148 neque
1142 2065 1174 2129 in
1197 2065 1335 2146 proximo

210 2186 313 2234 rerum
339 2171 500 2252 gestarum
525 2168 658 2259 fuerint,
675 2168 730 2234 sed
753 2187 790 2234 en
811 2169 922 2235 auditu
948 2171 1102 2252 quaedam
1131 2163 1232 2254 pauca
1255 2189 1336 2234 com-

78 2260 82 2269 ’
145 2300 147 2303 ·
211 2275 360 2354 ponentes
388 2273 575 2357 inpudenter
602 2274 816 2356 semetipsos
852 2275 999 2340 uidentur
1028 2275 1176 2341 historiae
1211 2275 1336 2340 nomine

211 2379 364 2446 iactitare.
579 2373 582 2380 ’

160 2483 201 2548 li
255 2485 308 2550 IX.
336 2484 402 2569 llgo
429 2503 504 2550 uero
532 2487 566 2566 et
592 2502 629 2548 ex
657 2485 741 2550 omni
767 2485 850 2551 bello
881 2489 914 2551 et
940 2503 1019 2568 quae
1041 2485 1087 2550 ibi
1108 2483 1339 2568 particulariter
1355 2512 1381 2551 ao

155 2608 161 2624 ·
212 2593 302 2674 gesta
324 2595 406 2669 sunt,
430 2610 537 2656 ueram
560 2589 800 2672 descriptionem
823 2592 894 2670 feci,
922 2591 995 2655 dnm
1022 2591 1091 2675 ipse
1118 2592 1213 2657 rebus
1241 2589 1337 2654 omni·

160 2696 203 2761 48
212 2696 272 2761 bus
306 2695 516 2772 interfuerim
553 2696 615 2760 dux
652 2697 767 2761 etenim
797 2697 880 2780 apud
910 2715 967 2761 nos
1000 2694 1211 2762 Galilaeorum
1243 2713 1337 2770 eram,

214 2800 311 2866 donec
338 2801 611 2868 fuit'defendendi
635 2801 780 2872 facultas.
808 2803 942 2886 contigit
970 2804 1074 2867 nutem
1104 2804 1141 2865 nt
1170 2819 1294 2888 caperer
1321 2819 1339 2864 a

213 2907 360 2973 Romanis
390 2912 422 2973 et
454 2909 604 2975 habentes
633 2928 685 2972 me
714 2909 927 2992 Vespasianus
958 2910 990 2972 et
1017 2907 1108 2971 Titus
1134 2906 1166 2971 in
1195 2905 1338 2970 custodia

214 3011 361 3076 uniuersa
390 3031 512 3094 semper
540 3013 694 3095 inspicere
719 3011 884 3077 faciebant.
913 3011 1014 3095 primo
1044 3010 1171 3093 quidem
1200 3011 1337 3087 uinctus,
1355 3038 1382 3078 aa

260 3246 272 3267 ι
301 3214 379 3279 LBR,
399 3214 451 3280 ΟΡ,
470 3234 494 3273 e.
514 3248 547 3257 —
566 3216 598 3280 A,
618 3215 707 3286 ed.pr.
743 3292 751 3308 .

251 3336 263 3389 1
281 3323 430 3407 qnisquam]
446 3337 501 3392 sin
513 3340 615 3393 rasura
628 3337 655 3392 L
669 3337 811 3408 quicquam
819 3337 864 3393 Be
964 3337 1062 3407 aliquis
1077 3350 1094 3390 e
1190 3352 1276 3406 neque
1291 3352 1338 3390 an·

214 3423 319 3480 ferreR
354 3414 692 3494 2m011ccmoscorr.0
743 3426 784 3495 cx]
802 3423 937 3479 Graecum
950 3421 1209 3492 iamtmscnpss'
1221 3439 1281 3477 cum
1297 3423 1338 3477 ed.

214 3510 327 3567 aanor.
342 3514 370 3566 ο
383 3501 492 3567 aare
533 3500 728 3568 eleemona
779 3511 926 3582 somnne]
940 3510 1074 3582 supano
1088 3509 1111 3562 ,ι
1125 3509 1235 3582 νομίζον
1248 3511 1339 3564 roseo

215 3599 231 3653 3
244 3600 348 3669 itaque]
362 3599 404 3654 ita
414 3599 442 3671 li
454 3601 548 3670 ntique
559 3576 608 3656 όΡ
641 3601 658 3661 t
672 3600 864 3671 ammitterent]
880 3599 1035 3654 amitterent
1049 3597 1077 3665 (d
1091 3602 1149 3652 lar.
1159 3599 1193 3665 s.)
1203 3596 1229 3650 L
1243 3597 1339 3652 admit·
1383 3652 1386 3660 ,

214 3691 304 3744 terent
319 3687 379 3743 rell.
397 3687 511 3744 cedde
565 3689 811 3759 [postealcaae
882 3687 940 3757 qni]
959 3685 1029 3749 ὅστις
1043 3701 1096 3754 pro
1115 3681 1181 3749 ὃτίς
1199 3684 1340 3740 ecbibetrl
1384 3677 1388 3687 '

215 3776 275 3846 quis
287 3774 336 3830 ΟΡ
368 3771 767 3843 sunuiamwooraebe
795 3774 986 3850 ¹teostiperee
1035 3771 1340 3850 scripta]conscriptell

216 3864 250 3919 14
268 3862 385 3934 credere]
403 3861 533 3928 totietas,
549 3861 682 3932 imrpres
700 3863 793 3933 lepisse
808 3862 920 3926 cidetsrr
936 3860 1064 3915 πείθεσθαι
1152 3858 1338 3930 adquiescunt]

216 3948 433 4023 ἰφιλοτιμήθηοιν
451 3952 625 4020 acquiescunt
641 3949 696 4006 Ro
765 3952 799 4005 15
816 3967 901 4020 nuper
918 3950 1034 4018 contigit
1052 3953 1086 4003 tr.
1107 3947 1157 4002 GP
1225 3947 1340 4002 conscri-

214 4036 309 4091 bentes
327 4053 377 4094 om.
394 4038 423 4092 P
508 4039 543 4094 20
561 4055 625 4094 nero
642 4039 683 4108 st]
701 4041 729 4093 ct
747 4053 797 4093 om.
815 4037 844 4094 R
949 4038 991 4107 er]
1011 4036 1075 4108 arpi,
1094 4035 1167 4089 uode
1185 4035 1289 4090 maccio
1307 4033 1340 4088 de

215 4152 247 4206 al
262 4118 472 4207 discitionemL
537 4153 616 4208 rebus
628 4152 724 4214 <eea
777 4153 811 4207 22
825 4151 997 4207 interfueram
1010 4151 1038 4207 R
1087 4152 1122 4205 24
1135 4149 1339 4220 nespesiannse
