3036 4756
229 296 292 361 122
395 289 540 348 Contra
565 289 748 360 Apio'nem
768 289 806 353 11.
824 289 965 345 cla-alc
983 287 1088 360 (mx
1105 287 1191 359 XXX)

228 485 351 560 derunt,
373 483 532 549 interdixit
554 484 586 547 et
608 480 753 563 captiuos
774 481 943 566 prospexit,
966 485 1121 565 quatenus
1144 500 1253 548 eornm
1275 501 1359 548 amo·

141 597 206 661 218
229 593 342 656 ucatur
358 589 472 656 iniuria
489 591 523 654 ot
539 588 671 654 maxime
691 588 886 653 feminarum.
910 587 1079 653 sinautem
1101 589 1175 654 olim
1195 607 1252 654 uns
1272 607 1359 653 man·

229 696 428 763 suetudinem
446 698 540 779 atqnm
558 695 756 760 clementiam
775 694 900 760 studuit
916 693 1056 770 edocere,
1074 698 1112 759 ut
1129 694 1224 759 etiam
1239 695 1277 760 de
1296 693 1359 758 aui-

229 802 365 867 malibus
379 800 650 867 inrationabilibus
663 819 725 866 non
738 803 868 876 taceret,
878 800 934 865 scd
947 799 1058 865 borum
1069 800 1288 866 tantummodo
1297 799 1360 865 uti·

228 908 349 974 litatem
372 906 547 992 legitimam
567 906 740 973 concedens
758 906 797 970 ab
816 906 901 970 omni
918 924 976 972 noe
994 906 1057 971 alia
1074 918 1171 970 causa
1187 904 1359 988 prohibuit.
1390 924 1407 966 s

229 1033 445 1098 quaecumque
463 1013 546 1078 enim
564 1012 667 1079 ueluti
685 1012 896 1095 supplicantia
909 1013 1051 1078 oriuntur
1063 1013 1096 1077 in
1109 1012 1265 1087 domibus,
1282 1011 1360 1077 haec

228 1120 388 1186 interdixit
409 1119 521 1198 occidi,
544 1119 600 1185 sed
622 1137 723 1201 nequo
740 1120 884 1202 parentes
902 1118 1035 1201 denique
1053 1119 1212 1203 praecepit
1233 1117 1359 1197 auferri,

230 1230 263 1292 et
295 1226 373 1291 licet
406 1225 533 1290 inimica
567 1225 633 1291 siut
667 1224 823 1303 animalia,
856 1225 901 1290 cis
931 1227 1036 1290 tamen
1068 1224 1258 1308 parcendum
1289 1241 1360 1289 esse

142 1335 209 1400 214
229 1331 376 1400 sanciuit.
408 1332 455 1398 sic
481 1331 620 1413 undiquc
648 1350 694 1408 ea
722 1349 802 1414 quae
830 1330 869 1395 ad
895 1330 1166 1396 mansuetudinem
1193 1329 1359 1413 pertinent,

229 1438 412 1506 obseruauit
433 1436 658 1504 doctrinalibus
680 1436 806 1520 quidem
830 1435 925 1502 sicuti
945 1436 1140 1518 praedictum
1164 1438 1215 1501 cst
1233 1435 1360 1519 legibus
1378 1454 1406 1496 ιο

228 1548 322 1610 utens
353 1546 386 1609 et
416 1544 494 1609 alias
525 1561 634 1608 rursus
662 1545 770 1608 contra
795 1546 1043 1626 transgressores
1070 1560 1166 1607 causa
1186 1539 1359 1623 punitionis

170 1729 174 1734 ,
230 1651 297 1717 sine
320 1650 519 1716 excusatione
543 1649 691 1733 defigens.
1244 1677 1247 1682 ·

142 1756 207 1822 215
273 1756 372 1823 XXX.
399 1756 555 1820 Damnum
583 1773 716 1837 namque
741 1753 774 1817 in
800 1753 945 1836 plurimis
978 1752 1103 1819 casibus
1133 1751 1361 1837 transgredien-

230 1863 312 1928 tium
346 1880 431 1927 mors
467 1863 526 1939 cst,
563 1861 589 1925 si
626 1859 816 1924 adulterium
853 1859 1047 1925 commiserit
1076 1858 1202 1941 aliquis,
1235 1857 1264 1923 si
1293 1857 1361 1923 uim

230 1969 355 2052 puellae
381 1967 499 2043 iecerit,
523 1965 549 2031 si
573 1966 715 2031 masculo
737 1968 829 2047 turpe
851 1968 1114 2049 temptamentum
1135 1960 1250 2030 infame
1272 1981 1360 2047 prae·
1379 1981 1406 2022 ιο

232 2072 413 2157 sumpserit,
434 2072 511 2137 licet
531 2072 671 2154 patiatur
692 2071 847 2137 sustinere
869 2074 1053 2155 temptatus.
1086 2072 1233 2138 similiter
1254 2073 1360 2136 antem

142 2177 281 2245 2ld'est
305 2182 354 2245 lex
379 2178 573 2246 ineuitabilis
600 2178 688 2243 etin
716 2179 828 2243 seruis.
856 2178 912 2244 sed
939 2179 1034 2244 etiam
1061 2179 1100 2244 de
1126 2178 1281 2244 mensuris
1307 2176 1361 2242 uel

232 2286 260 2351 ei
291 2286 362 2369 quis
394 2285 432 2350 de
463 2283 653 2369 ponderibus
686 2282 790 2349 dolum
823 2283 920 2349 fuerit
945 2288 1091 2367 operatus
1118 2285 1152 2349 et
1178 2283 1216 2348 de
1242 2283 1362 2349 iniusta

231 2391 409 2458 uenditione
437 2407 472 2455 ac
499 2388 607 2454 fraude
634 2389 686 2454 uel
714 2389 741 2453 si
769 2389 936 2454 detraxerit
958 2389 1089 2453 alienam
1111 2408 1176 2454 rem
1200 2392 1255 2454 aut
1276 2388 1361 2471 quod

318 2562 397 2628 LBR,
416 2561 469 2628 ΟΡ,
487 2576 513 2619 c.
532 2592 566 2602 -
584 2560 672 2616 Euseb
690 2561 853 2631 Porphyrius
871 2566 903 2625 A,
922 2559 963 2615 ed.
981 2578 1021 2631 pr.

268 2667 429 2738 lqnntinus
446 2665 525 2722 LOP
593 2668 779 2721 ammoneatur
794 2664 840 2721 Rc
902 2665 1002 2720 tobim
1020 2665 1079 2735 noe]
1097 2666 1212 2721 olunnos
1229 2665 1255 2720 L
1274 2666 1361 2720 nlnrn·

231 2770 311 2813 nose
381 2755 457 2824 olim]
476 2753 650 2826 sippobseA
669 2752 744 2808 obest
757 2753 793 2808 ab
806 2753 927 2809 moeno
980 2753 1120 2809 datuduit
1137 2753 1258 2824 edocere]
1274 2752 1360 2807 tudda·
1450 2807 1453 2810 Α

231 2840 506 2901 acas...iosxcidnoss
523 2844 548 2896 Δ
566 2839 846 2903 ἰξοπαίδεοοονΕυκῠ
910 2844 969 2901 (et)
982 2841 1063 2896 otiam
1076 2841 1105 2897 R
1157 2841 1360 2912 blcgiptimam

230 2928 286 2989 Re
354 2929 511 3000 concedens]
530 2946 584 2983 non
602 2929 749 2984 concedens
767 2929 796 2985 R
813 2928 894 3001 ippone
912 2931 936 2984 A
954 2930 1039 3001 ἀφῆκε
1060 2928 1149 2984 limet
1228 2928 1361 2999 ab-pro-

230 3019 330 3091 hibuit]
348 3025 433 3072 adsue
451 3016 564 3089 d'iatpas
581 3017 650 3087 (scii.
668 3021 772 3088 χρῆσιν)
792 3015 921 3070 lanihoaas
1009 3019 1025 3072 d
1045 3018 1177 3088 criuntur]
1196 3017 1320 3089 apocpias
1336 3020 1360 3072 A

230 3105 384 3180 προςφοὺγοι
399 3105 491 3162 lluseb
560 3105 639 3175 haec]
657 3104 745 3159 hooc
799 3104 904 3159 'decidi
921 3105 950 3158 P
1026 3106 1074 3160 aed
1091 3105 1189 3176 neque]
1206 3121 1294 3175 neque
1312 3106 1360 3160 aed

230 3189 259 3251 B
318 3183 444 3264 denique]
463 3198 575 3255 νεοττοῖς
587 3193 707 3260 foetam
722 3193 812 3246 subeat
825 3192 858 3246 de
872 3192 935 3246 nido
995 3193 1012 3248 8
1030 3193 1096 3248 licet
1112 3187 1220 3248 inimica
1232 3193 1296 3264 siut]
1310 3191 1360 3245 adv

230 3277 250 3358 ἦ
268 3282 376 3355 πολέμια
392 3285 417 3337 Δ
433 3280 482 3334 ade
500 3285 532 3356 τῇ
551 3281 661 3353 πολεμίᾳ
672 3283 764 3336 Estneb
835 3282 962 3337 animalia
975 3282 1024 3353 eia]
1039 3280 1217 3354 ippotopisue
1232 3280 1359 3353 (werinp-

230 3370 379 3443 patopteov
396 3369 421 3423 A
439 3369 664 3442 ουνεργαζομένων
682 3369 865 3439 Porphyrius)
884 3364 960 3443 ζῴων
976 3368 1022 3422 aar
1038 3371 1075 3441 μὴ
1095 3368 1210 3441 possisne
1297 3386 1359 3438 par-

232 3457 347 3513 nendum
365 3458 393 3514 R
453 3457 614 3514 tranciunt
630 3458 658 3514 R
675 3473 726 3512 ona.
743 3457 835 3512 Eueeb
900 3458 932 3512 10
950 3457 1115 3528 obseruauit]
1133 3457 1317 3529 sapacesidoro
1335 3461 1360 3513 Δ

232 3545 405 3617 sunamidem
422 3545 513 3600 Esset
600 3545 739 3616 praedietn
756 3545 784 3599 B
870 3544 976 3615 legiae
1055 3546 1085 3599 11
1106 3545 1182 3616 uliae]
1201 3561 1235 3600 eor
1251 3546 1313 3607 τοὺς
1331 3543 1359 3597 tt

231 3632 376 3695 mendaci
393 3633 447 3688 alia
464 3632 569 3690 codde
623 3634 656 3688 12
674 3631 811 3702 delingens
828 3632 857 3689 R
911 3634 944 3689 13
963 3632 1079 3704 casibus]
1098 3633 1218 3689 causise
1270 3636 1358 3687 trans·
1441 3646 1447 3658 ·

231 3721 425 3793 gradientium]
437 3737 486 3776 css.
500 3721 600 3777 Setiae
613 3722 653 3776 ed.
671 3719 818 3777 0011524
835 3721 1087 3792 transgrediendum
1104 3721 1175 3777 codd
1192 3735 1209 3778 a
1264 3722 1298 3775 14
1317 3725 1360 3775 cst

230 3825 302 3865 mors
319 3815 353 3865 tr.
370 3809 399 3866 R
452 3812 505 3881 est]
525 3808 578 3863 lora
595 3812 619 3864 Δ
637 3806 651 3860 ὁ
671 3809 808 3876 (θάνατος)
827 3810 917 3865 Εοοοώ
971 3809 1150 3865 commiscerit
1167 3809 1195 3865 R
1249 3808 1358 3878 sinim]

231 3911 344 3954 auume
399 3897 559 3967 ininferna]
577 3913 629 3952 ora.
648 3913 665 3953 e
721 3899 752 3952 lt
769 3898 846 3967 licet]
865 3898 970 3967 scripsi.
989 3898 1013 3952 1.·
1027 3914 1049 3955 c.
1068 3901 1097 3952 et
1114 3897 1184 3952 codd
1200 3897 1219 3951 l.
1239 3913 1261 3952 c.
1280 3899 1358 3953 aute

232 3984 272 4052 dv,
291 3984 365 4054 quod
380 3986 550 4055 condonata
567 3983 614 4038 ads
669 3986 701 4041 17
720 3985 759 4055 in]
779 3986 871 4043 om.B
943 3985 1161 4042 ctiam<iam>P
1213 3986 1248 4040 18
1266 3983 1299 4039 de
1317 3985 1358 4039 in·

230 4073 444 4144 iusta-fraude]
463 4071 520 4143 aspi
537 4072 655 4144 spuicam<
675 4072 763 4126 ἀδίκου
781 4073 825 4126 καὶ
838 4071 905 4145 δόλῳ
917 4075 1060 4147 γενομένης
1114 4073 1147 4127 19
1166 4071 1358 4144 eidetrnxerit]

231 4160 284 4216 ilde
301 4161 413 4217 traxerit
429 4160 473 4218 Le
835 4192 837 4196 Α
939 4166 942 4172 ’
