3036 4756
606 319 822 378 Praefatio.
1205 327 1279 394 XX1

146 511 348 594 expoliatione
380 512 563 592 scribentes,
588 515 695 579 contra
726 534 747 577 a
778 513 961 594 templorum
987 514 1189 596 expoliatione
1214 516 1280 603 (uel

146 615 340 704 spoliatione)
371 618 485 701 reliqui
516 621 600 684 recte
633 638 705 685 cum
737 619 762 683 L
791 619 963 701 proiemnt,
993 619 1062 686 dico
1091 620 1278 688 Vaticanum

147 721 391 790 Ottcbcnianum
415 725 468 801 84,
492 723 647 789 Venatum
677 724 873 790 Marcianum
896 725 925 790 X
949 727 1001 803 63,
1025 726 1279 805 7111111111-

146 828 248 893 tinum
279 829 354 907 815,
386 829 607 909 Dresdcnsem,
638 829 905 908 Melatestianum,
938 823 1108 897 editionem
1145 833 1283 917 deniquo

146 934 319 1018 principem
343 934 415 999 anni
439 936 524 1000 1480
547 934 604 1022 (1.

192 1037 253 1118 Qui
276 1039 400 1106 codices
423 1042 570 1123 quoniam
594 1061 665 1108 cum
683 1044 709 1107 L
726 1040 856 1108 lacunas
880 1062 1062 1111 communes
1084 1044 1201 1109 habent
1218 1064 1277 1109 non

148 1146 252 1209 selum
274 1145 346 1210 illas
370 1145 538 1230 ampliores
561 1146 616 1212 sed
640 1147 735 1212 etiam
757 1147 928 1227 breuiores,
951 1148 1043 1214 liberi
1065 1168 1140 1214 uero
1164 1152 1279 1214 sunta

147 1248 188 1313 11³
206 1251 239 1313 et
256 1248 297 1314 Or
317 1249 468 1315 librorum
486 1251 619 1316 maculis
627 1249 663 1336 ¹),
683 1270 720 1316 ex
738 1252 807 1335 ipsc
826 1253 852 1317 L
869 1252 997 1317 fluxisse
1017 1252 1176 1317 manifesti
1194 1255 1278 1317 sunt.

149 1374 211 1438 qua
232 1374 307 1421 uero
329 1356 450 1422 ratione
473 1357 556 1423 elius
580 1357 618 1422 ab
642 1357 703 1423 alic
726 1358 890 1440 pendeant,
910 1357 1135 1440 speciminibus
1157 1357 1278 1423 idoneis

149 1460 320 1526 destitutus
342 1481 444 1544 neque
467 1481 617 1545 exponere
639 1482 769 1545 possum
793 1482 894 1546 neque
917 1463 983 1528 ullo
1007 1463 1100 1529 modo
1124 1463 1164 1528 ad
1184 1462 1277 1527 inter·

147 1565 244 1650 pretia
267 1569 388 1632 textum
413 1568 666 1634 constituendum
691 1569 771 1634 utile
794 1569 884 1634 duco.

192 1669 241 1735 Dc
269 1689 330 1736 nno
365 1671 536 1737 Dresdcnsi
567 1692 668 1755 pauca
695 1673 817 1739 addam.
854 1673 938 1738 hunc
967 1673 1049 1738 enim
1075 1672 1191 1738 librum
1217 1673 1279 1738 nisi

148 1775 241 1841 fallor
258 1777 311 1840 uel
330 1777 486 1861 exemplar
505 1796 540 1841 er
560 1796 596 1843 cc
616 1777 809 1861 descriptum
828 1777 974 1844 editionis
992 1777 1142 1861 principis
1160 1778 1277 1844 iontem

148 1880 248 1947 inisse
270 1881 386 1947 iudico.
410 1901 469 1947 non
494 1885 597 1948 solum
616 1884 699 1948 enim
718 1885 844 1967 saepius
863 1884 968 1948 eadem
989 1884 1140 1949 omittunt
1157 1883 1280 1949 eadem-

150 2006 210 2070 que
234 1991 448 2071 ccrrumpunt,
471 1988 527 2053 scd
550 1989 661 2054 multis
684 1989 763 2054 loeis
786 1989 980 2055 electiones
1003 1989 1034 2053 in
1054 1989 1081 2053 D
1101 2008 1196 2053 manu
1215 2007 1278 2054 ccr-

149 2091 278 2158 reetn'ce
293 2111 365 2157 cum
380 2092 488 2157 eadem
505 2111 584 2174 qnae
597 2097 719 2158 textum
734 2093 861 2176 scripsit
873 2096 941 2158 tnm
957 2095 1054 2158 altera
1066 2113 1127 2161 non
1142 2094 1278 2159 multum

149 2197 322 2262 recent-iere
345 2197 479 2281 scriptas
507 2197 641 2264 exhibet.
669 2199 761 2265 uelut
787 2219 816 2282 p.
840 2201 871 2277 8,
897 2201 937 2265 18
959 2197 1279 2280 scalada-paneada

150 2307 204 2382 est,
224 2304 254 2380 9,
276 2305 316 2368 13
334 2303 429 2384 apud,
449 2304 502 2381 61,
517 2304 603 2368 6-7
622 2305 704 2388 qaod
721 2305 964 2369 ait-consensit
981 2304 1105 2387 aliaque
1124 2305 1173 2370 Dc
1193 2304 1282 2369 cmit-

150 2411 233 2489 tuut,
255 2429 287 2494 p.
311 2410 342 2488 4,
368 2411 384 2473 1
409 2409 603 2473 mendacium
626 2409 720 2494 quasi
740 2415 881 2474 nostrum
904 2410 946 2474 cit
964 2430 1071 2493 peaes,
1096 2407 1282 2490 161911·-

152 2515 212 2594 loo,
240 2516 271 2594 6,
296 2516 338 2580 20
360 2515 399 2579 de
421 2515 569 2596 ootiqais,
597 2516 688 2594 59,1
713 2514 861 2600 decad),
891 2516 1138 2595 71911111,
1165 2514 1281 2592 136,8
1356 2528 1357 2532 ’

152 2620 310 2702 efficacit
323 2620 385 2684 alia
399 2620 516 2685 similia
529 2621 666 2685 tradunt.
678 2621 886 2687 correctiones
902 2640 977 2687 uero
987 2622 1044 2686 hes
1059 2620 1167 2685 uideas
1182 2638 1282 2684 exem-

152 2727 197 2809 pli
235 2725 335 2812 gratia
372 2725 410 2790 ab
443 2743 463 2792 c
495 2728 702 2810 propagatas:
741 2747 772 2809 p.
802 2727 833 2803 4,
863 2727 902 2789 14
933 2723 1101 2813 siluerant]
1141 2726 1224 2791 lm.
1242 2723 1282 2799 D,

152 2830 314 2896 noluerunt
349 2851 366 2896 o
404 2831 616 2954 superscripto
664 2832 797 2898 correxit
822 2819 895 2912 111,Ι
912 2831 1076 2896 oetaeum
1110 2849 1143 2907 ος
1177 2831 1207 2908 4,
1239 2831 1282 2894 20

152 2962 265 3052 canas]
293 2965 333 3040 D,
360 2985 463 3028 uanas
488 2963 542 3043 D’,
569 2965 681 3029 uarias
707 2982 740 3042 c;
773 2965 804 3043 4,
829 2966 871 3028 22
900 2963 967 3028 leri
987 2961 1047 3051 oet]
1070 2961 1178 3027 herilis
1199 2961 1229 3026 D
1250 2961 1282 3025 in

152 3068 256 3135 luerim
278 3071 419 3147 correxit,
442 3069 547 3135 loerius
569 3088 603 3156 c;
627 3071 680 3148 57,
706 3071 747 3134 15
769 3069 947 3135 cocodriltos
972 3069 1003 3133 in
1032 3067 1196 3134 crocodilea
1218 3085 1283 3132 ccr-

154 3176 233 3241 rexit
246 3175 300 3254 D¹,
315 3177 375 3241 hcc
393 3177 512 3259 recapit
529 3193 558 3256 c,
579 3178 630 3254 11,
651 3179 692 3240 22
712 3173 845 3263 adicere]
861 3177 900 3254 D,
919 3176 950 3239 in
970 3175 1113 3239 addicere
1126 3178 1284 3239 mutatum

154 3282 308 3364 expressit
330 3300 359 3348 c.
384 3280 454 3364 ipsa
476 3300 550 3347 uero
574 3281 670 3347 editio
693 3281 838 3366 princeps
866 3282 929 3346 alia
951 3281 1072 3346 addidit
1093 3280 1173 3345 uitia
1194 3281 1285 3344 uelut

155 3406 184 3470 p.
210 3387 261 3465 71,
288 3387 328 3450 14
351 3387 491 3460 otiosum,
516 3386 567 3465 72,
594 3388 609 3450 1
634 3385 854 3468 impotenter.
881 3389 1031 3468 quantum
1054 3385 1153 3469 igitur
1175 3404 1211 3449 ex
1232 3384 1284 3462 iis,

155 3510 234 3575 quae
261 3491 371 3570 habeo,
394 3491 570 3575 perspicere
597 3491 682 3571 licet,
707 3509 726 3557 e
750 3510 786 3556 ex
813 3491 970 3581 codice'D
993 3491 1121 3556 duxisse
1147 3489 1285 3555 uidetur.

156 3617 191 3665 ex
218 3614 237 3662 e
264 3615 339 3662 uero
368 3614 476 3662 omnes
504 3595 667 3675 editiones,
692 3615 769 3678 quas
793 3614 887 3678 supra
911 3596 1101 3672 enumeraui,
1126 3594 1284 3659 deductae

200 3829 221 3896 ¹)
241 3829 274 3884 cf.
292 3847 319 3899 p.
338 3830 381 3897 59,
401 3830 431 3884 11
455 3830 561 3884 amisse
582 3829 653 3898 cum]
672 3834 752 3884 aean
767 3844 854 3883 cecum
872 3828 938 3884 LDc
955 3834 1072 3884 uocatae
1087 3844 1175 3884 ecaom
1194 3827 1237 3896 Cr,
1256 3830 1285 3882 et

157 3934 224 3988 qnae
248 3918 395 3972 omiserunt
417 3917 452 3973 Or
475 3921 514 3985 (et
531 3917 569 3984 M)
594 3934 619 3987 p.
638 3917 681 3984 28,
699 3918 728 3981 8;
752 3917 795 3981 59,
813 3917 831 3970 4
849 3916 1129 3984 (nisi-uidebantur)
1151 3915 1222 3986 apud
1240 3915 1285 3970 Dc
1391 3952 1393 3956 -

157 4009 186 4059 et
203 4005 320 4074 reliquos
340 4004 457 4059 eiusdem
476 4003 581 4074 generis
600 4007 699 4058 extant.

201 4093 222 4161 ²)
241 4109 336 4148 moneo
353 4093 474 4148 breuiter
490 4093 603 4163 perfecti
620 4093 733 4164 pluralis
751 4094 860 4148 tertiam
879 4109 1019 4162 personam
1034 4093 1105 4164 apud
1123 4093 1167 4149 Dc
1181 4109 1286 4163 semper

156 4182 241 4236 ire-cre
257 4198 311 4236 non
328 4182 450 4237 in-crunt
467 4180 613 4236 terminari.
