3036 4756
459 309 603 365 Contra
630 311 812 380 Apiouenr
836 311 1063 380 11,10-14(11)
1283 316 1336 379 75·

195 505 241 570 sic
265 505 323 569 ait:
350 505 506 586 ,Moyses
529 505 614 569 sicut
636 505 743 569 audini
766 523 784 569 a
807 506 981 570 senioribus
1005 506 1243 590 Aegyptiorum,
1266 506 1327 571 luit

195 611 448 693 Heliopolitauus
471 610 509 673 de
534 609 662 674 ciuitate
687 609 780 675 Solis.
795 611 863 694 'qni
885 612 996 694 patriis
1019 611 1160 676 moribus
1184 611 1325 676 eruditus

196 716 376 781 subdiuales
400 735 435 780 ac
458 718 622 780 montanas
646 717 803 781 orationes
826 717 952 801 agebat:
987 719 1105 798 templa
1129 718 1222 794 enim,
1246 736 1325 800 quae

195 821 306 886 hebuit
333 822 409 885 haec
438 821 562 895 ciuitas,
592 822 695 885 omnia
718 825 825 886 contre
848 823 1052 887 subsolanum
1083 824 1247 899 conuertit,
1271 823 1326 886 nbi

165 931 228 990 set
250 925 333 991 Solis
357 929 406 991 est
429 926 543 990 ciuitas
568 927 749 992 constituta.
783 948 838 1011 pro
862 929 1011 994 obeliscis
1035 931 1140 993 autem
1164 930 1376 994 columnssll

195 1032 317 1108 statuit,
341 1032 370 1095 in
395 1031 509 1113 quibus
533 1031 666 1116 figuram
685 1034 820 1115 scaphas
836 1034 921 1111 fecit,
941 1037 978 1098 nt
996 1035 1106 1099 umbra
1125 1036 1184 1099 sub
1203 1035 1327 1099 aethere

194 1138 270 1202 solis
293 1137 509 1201 circuitionem
533 1142 702 1203 seruaret.“
726 1139 906 1205 huiusmodi
926 1140 1051 1221 quidem
1075 1140 1153 1204 mira
1177 1142 1379 1224 gramma-12

194 1243 250 1306 tici
276 1242 395 1306 locutio
424 1246 483 1319 est,
520 1242 718 1307 mendatium
747 1262 820 1309 uero
850 1245 1045 1310 sermonibus
1069 1264 1129 1310 nou
1153 1264 1248 1328 egeus
1272 1245 1327 1309 sed

196 1348 341 1430 operibus
373 1348 575 1412 menifestum
608 1348 810 1413 uehementer
842 1369 1007 1432 apparens,
1045 1340 1105 1415 non
1143 1351 1224 1414 enim
1260 1351 1327 1433 ipse

152 1477 178 1517 ro
194 1452 332 1536 Moyses,
362 1453 484 1534 quando
512 1453 648 1534 primum
676 1455 912 1520 tabernaculum
942 1455 999 1519 deo
1024 1456 1206 1533 construxit,
1231 1455 1326 1519 ullam

194 1557 413 1641 figurationem
435 1558 617 1623 huiusmodi
640 1558 671 1622 in
696 1579 732 1623 eo
757 1560 922 1625 constituit
944 1579 1044 1643 reque
1068 1561 1170 1625 facere
1192 1561 1328 1644 posteris

196 1663 365 1746 delegauit,
389 1664 445 1728 sed
468 1666 501 1728 et
522 1667 641 1746 postea,
667 1665 789 1746 quaudo
813 1667 967 1749 templum
990 1665 1218 1749 Hierosolymis
1242 1666 1328 1732 Salo-

197 1787 268 1833 mon
301 1769 489 1844 eedificauit,
522 1770 560 1833 ab
593 1770 678 1833 omni
710 1771 769 1834 hec
801 1771 1019 1835 adiuuentioue
1053 1771 1201 1848 cessauit,
1234 1759 1327 1854 qinom

197 1874 394 1939 concinnauit
424 1874 536 1956 Apion.
574 1873 680 1939 audire
712 1895 785 1940 uero
818 1895 852 1940 se
885 1875 962 1940 dicit
989 1894 1007 1938 a
1035 1875 1221 1953 senioribus,
1254 1877 1379 1959 qnial3

153 2005 179 2046 rs
195 1979 322 2062 Moyses
350 1980 603 2060 Heliopolitanus
631 1979 701 2057 suit,
730 1981 812 2045 undo
839 1982 942 2063 palam
972 1985 1030 2057 est,
1055 1981 1129 2060 quia
1150 1981 1218 2063 ipse
1241 1982 1328 2046 iuue-

194 2085 242 2148 nis
266 2084 402 2148 existens
425 2084 490 2148 illis
515 2084 656 2161 credidit,
681 2085 735 2165 qui
759 2090 887 2168 propter
912 2071 1048 2149 aetutem
1076 2090 1228 2151 nouerant
1256 2107 1325 2151 euru

195 2193 227 2252 et
265 2208 336 2253 cum
374 2208 410 2254 eo
442 2190 565 2252 fuerant
597 2189 736 2254 enutriti.
774 2191 1032 2255 considerandum
1065 2195 1123 2268 est,
1147 2195 1254 2256 rutum
1286 2193 1379 2258 sitit

193 2294 375 2370 uerisimile,
399 2296 472 2376 quie
489 2295 550 2359 iste
569 2295 705 2377 quidem,
726 2315 798 2360 cunr
817 2296 860 2360 sit
878 2297 1111 2379 grammaticus,
1131 2298 1168 2362 de
1186 2298 1322 2363 Homero

195 2398 347 2463 affirmare
376 2419 434 2464 non
463 2403 579 2480 potest,
608 2420 688 2481 quae
715 2401 817 2482 patria
845 2402 888 2466 sit
915 2402 993 2481 eius,
1021 2421 1122 2484 neque
1150 2402 1187 2466 de
1210 2403 1323 2485 Pytha-

282 2633 362 2695 Bltl',
381 2630 470 2686 erra.
491 2664 524 2672 -
543 2633 574 2696 A,
595 2632 635 2685 erl.
655 2650 693 2702 pr.

233 2773 243 2825 1
260 2777 351 2843 μωσῆς
366 2771 389 2822 Α
431 2773 447 2824 2
462 2771 494 2825 de
510 2773 620 2826 ciuitate
634 2773 714 2840 Solis]
729 2772 847 2832 addidit,
861 2778 893 2825 ut
910 2771 1058 2839 explicaret
1075 2788 1179 2834 nornen,
1193 2775 1325 2842 interpres

229 2859 335 2929 patriis]
355 2861 440 2929 patria
459 2861 493 2926 (is
510 2861 542 2913 in
559 2861 593 2912 iia
611 2875 679 2914 corr.
699 2860 748 2929 13¹]
765 2858 863 2912 BPPa
965 2858 1094 2928 eruditus]
1113 2861 1325 2932 κατηγγυημένός

196 2948 212 3000 3
231 2943 392 3001 anbeliuales
413 2948 435 3000 ζ’
530 2946 684 3002 subdinalea
703 2964 734 3000 ac
751 2946 901 3016 montanae]
925 2944 1036 3015 αἱθρίόυς
1058 2947 1175 3013 tortosae
1196 2948 1324 3002 iteratam

196 3035 264 3088 etin
279 3034 430 3104 (ι)αωρίους
448 3040 603 3104 corruptum
620 3036 789 3102 interpretem
806 3035 919 3088 uertisse
931 3039 1021 3088 moeret
1036 3033 1174 3088 Gumtter
1227 3036 1325 3103 agebat

196 3122 338 3191 -ciuitas]
348 3121 442 3194 ἀνῆγεν
456 3121 492 3184 εἰς
506 3119 575 3187 oiong
590 3115 657 3192 εἶχεν
671 3120 744 3192 ἠλεός
755 3121 825 3192 (Ast,
837 3119 909 3183 πόλις
923 3121 963 3175 ed.
972 3122 1028 3189 pr.)
1043 3120 1195 3191 περιβόλους
1231 3125 1248 3175 4
1262 3139 1324 3175 corr·

195 3214 238 3263 tra
260 3210 442 3279 subsolanum]
465 3211 529 3280 πρὸς
548 3208 712 3280 &poledrum
736 3209 785 3263 sub
808 3209 1022 3263 contrasolanum
1051 3209 1160 3274 (crium
1177 3209 1233 3273 Pa]
1256 3210 1327 3264 codd

233 3297 289 3365 ubi]
304 3289 362 3358 tes,
377 3313 481 3364 parum
497 3297 630 3350 intelteait
648 3297 779 3363 interpres
832 3298 848 3348 ἵ)
866 3312 914 3365 pro
934 3294 1110 3349 obeliscis-7
1125 3300 1255 3366 seruaret]
1272 3299 1326 3350 ἀντὶ

198 3382 224 3435 δὲ
247 3383 346 3451 ὀβελῶν
369 3382 462 3454 {arnor
485 3383 581 3446 κίονας,
607 3383 647 3453 ὑφ’
672 3376 710 3444 οἷς
733 3379 766 3453 ὴν
789 3383 928 3452 ἐκτόπωμα
950 3380 1046 3452 σκάφη,
1070 3384 1129 3436 σκιὰ
1151 3382 1267 3454 tantem
1285 3384 1323 3436 ἐπ’

197 3469 280 3540 αότὴν
299 3470 454 3543 διακειμένη,
474 3472 510 3535 ὡς
528 3471 567 3524 ’ότι
585 3469 612 3522 ir
631 3468 712 3539 αἰθέρι
728 3477 817 3523 τοῦτον
836 3468 877 3520 ἀεὶ
894 3471 937 3523 τόν
957 3469 1052 3540 δρόμον
1065 3469 1132 3541 ἡλίῳ
1147 3471 1326 3541 συμπεριπολιί

197 3560 220 3610 Λ
274 3558 409 3628 obeliscis]
430 3558 539 3613 obelicia
556 3559 584 3613 It
603 3557 773 3612 obesiscisl'
825 3557 1007 3627 columpuaB
1026 3557 1215 3626 colum(p)narn
1233 3558 1326 3612 GPPa

197 3645 346 3700 tunrbrarn
362 3647 432 3701 codd
499 3644 849 3700 7circuitioneBRVPPa
867 3660 926 3697 nes
943 3645 966 3697 U
1032 3644 1150 3712 quidem]
1166 3648 1256 3698 autern
1270 3645 1326 3700 RV

224 3734 402 3803 grammatici]
413 3739 653 3804 τόῦγραμματικοῦς
664 3733 837 3802 grammatice
851 3730 922 3786 codd
929 3736 1040 3799 praeter
1054 3731 1077 3783 V
1090 3732 1139 3799 qui
1151 3733 1325 3800 grammatice

198 3821 303 3876 extoilet
371 3821 403 3875 10
422 3821 553 3874 ullumV
614 3822 644 3874 ll
664 3818 816 3873 huiusmodi
835 3819 876 3872 bia
889 3819 972 3887 ponit
994 3818 1020 3870 V
1094 3819 1327 3888 ineo]our.1tl'

201 3912 233 3964 la
251 3910 299 3964 seul
318 3911 355 3977 et]
374 3908 388 3959 ό
407 3926 433 3960 τε
488 3910 526 3978 et]
545 3925 605 3977 cup.
624 3909 674 3962 tin,
693 3907 757 3961 add.
772 3907 798 3958 B
854 3908 886 3960 14
905 3906 1086 3974 concinnauit]
1101 3907 1285 3976 coinquiuauit
1298 3908 1325 3962 It

201 4000 233 4052 15
252 4005 342 4068 μωσῆς
362 3996 383 4047 Λ
440 3997 471 4050 17
491 3995 822 4063 considerandum-qnia]
842 3993 886 4044 aot
939 3994 991 4063 est]
1011 4009 1062 4047 oua.
1082 3994 1236 4048 nRVPPa
1289 3995 1326 4058 sit

199 4087 256 4139 ueri
274 4085 361 4138 simile
381 4086 417 4138 ait
428 4085 455 4140 R
511 4084 543 4138 18
562 4083 687 4151 Homero]
706 4082 816 4136 humero
830 4081 856 4134 B
869 4082 937 4149 (ipae
950 4089 1040 4143 corut,
1058 4097 1147 4135 eruero
1163 4083 1185 4136 C
1239 4085 1271 4136 19
1290 4083 1326 4136 ait

199 4174 287 4242 petria
305 4179 338 4227 tr.
362 4174 387 4226 V
454 4173 598 4242 phitagora
615 4170 670 4223 BP
686 4171 809 4240 pitugora
829 4170 896 4223 (Ῥα
