3036 4756
166 315 229 378 130
309 309 453 366 Contra
479 311 663 381 Apionem
685 311 722 377 11,
741 312 880 368 246-251
900 311 1032 381 (XXXIV.
1050 311 1158 384 mu)

163 504 237 568 dum
266 520 367 585 neque
395 501 498 566 senior
524 505 619 583 atque
641 521 693 567 ren
715 502 873 568 ualuisset
893 503 1050 585 impetum
1074 524 1167 570 snum
1191 526 1209 571 a
1231 526 1301 571 mu-

74 606 138 670 247
161 608 249 672 lieris
267 605 472 690 permixtione
491 607 645 672 retinere?
660 607 713 671 elii
728 627 804 673 nero
819 608 863 671 dii
877 609 1051 674 semientes
1069 610 1249 676 hominibus
1268 616 1302 676 et

162 730 246 777 nunc
264 712 392 793 quidem
415 711 614 776 aedificantes
633 731 729 777 causa
747 713 911 790 mercedis,
929 733 1012 778 nunc
1030 734 1105 780 nero
1123 719 1299 797 pascentes,

163 818 216 883 alii
240 822 347 890 autem
370 817 580 900 meligncmm
603 818 696 882 modo
714 817 745 881 in
765 819 864 882 ferreo
884 836 1006 882 carcere
1029 820 1185 904 colligeci:
1206 840 1300 903 quem

111 946 112 952 ¹
161 923 261 1006 igitur
293 923 482 1005 sapientium
514 922 592 986 talia
617 941 678 986 non
706 924 888 1001 accendant,
916 925 953 987 ut
974 923 1052 988 haec
1075 928 1299 1008 componentes
1331 934 1348 992 ι·

161 1027 350 1110 redarguant
373 1030 405 1090 et
426 1028 559 1092 multam
582 1027 753 1092 stultitiam
771 1028 822 1093 his
841 1027 1034 1093 credentium
1052 1030 1299 1112 reprehendant?

74 1129 139 1195 248
163 1132 217 1196 elii
240 1151 314 1198 uero
339 1137 371 1196 et
393 1135 543 1196 terrorem
566 1133 721 1222 quendam
745 1134 796 1197 uel
819 1136 940 1197 metum
963 1153 1019 1199 nec
1042 1153 1103 1199 non
1127 1139 1159 1201 et
1180 1137 1299 1201 rabiem

88 1259 90 1266 ·
162 1241 257 1318 atque
270 1236 485 1302 seductionem
500 1256 670 1319 omnesque
683 1238 837 1320 pessimas
855 1239 1019 1321 passiones
1036 1239 1068 1302 in
1088 1239 1139 1305 dei
1156 1243 1299 1306 naturam

163 1344 195 1404 et
217 1341 350 1405 formam
372 1342 488 1425 lingere
510 1345 798 1425 praesumpserunt,
822 1347 854 1407 et
876 1342 988 1408 horum
1012 1344 1140 1426 quidem
1168 1345 1300 1411 nobilio·

75 1445 139 1510 249
163 1448 251 1511 ribus
276 1447 371 1510 etiem
395 1447 542 1511 ciuitates
571 1448 745 1535 sacrificare
769 1450 945 1513 sucsemnt.
969 1448 1125 1530 siqnidem
1148 1451 1179 1515 in
1199 1451 1299 1515 multe
1318 1477 1344 1516 lo

162 1550 351 1615 necessitate
384 1551 571 1626 consistunt,
604 1555 642 1615 ut
668 1551 822 1634 quosdam
849 1552 979 1618 deornm
1005 1555 1118 1635 putent
1144 1554 1298 1620 bonorum

162 1674 233 1720 esse
259 1655 436 1739 largitores,
465 1657 543 1722 alios
571 1660 675 1721 autem
704 1661 822 1722 nocent
848 1658 1069 1740 euersatorios,
1094 1660 1217 1741 quando
1244 1679 1299 1725 eos

161 1761 263 1825 ueluti
290 1761 539 1843 malignissimos
566 1761 708 1826 homines
735 1763 920 1827 muneribus
944 1766 1039 1845 atque
1063 1763 1152 1828 donis
1175 1766 1298 1847 placare

162 1865 365 1940 contendunt,
388 1885 539 1948 magnum
562 1866 722 1946 quoddam
748 1868 868 1931 malum
896 1887 930 1931 se
959 1873 1162 1951 suscepturos
1190 1868 1298 1933 abeis

162 1970 388 2042 existimantes,
411 1969 474 2032 nisi
496 1970 673 2033 mercedem
696 1970 742 2034 eis
766 1971 909 2035 studiose
928 1972 1139 2053 praebuerint.
1318 1997 1344 2036 nn

73 2076 139 2138 250
205 2074 334 2138 XXXV.
360 2072 447 2152 Quae
469 2075 568 2158 igitur
590 2093 686 2138 censa
708 2074 752 2140 sit
769 2079 874 2140 tantae
893 2076 989 2141 huius
1008 2077 1185 2158 iniquitatis
1204 2079 1299 2157 atque

156 2179 272 2243 delicti
308 2179 391 2243 circa
426 2178 542 2243 deum?
579 2198 638 2262 ego
675 2180 803 2261 quidem
839 2180 981 2256 arbitror,
1014 2200 1051 2244 eo
1084 2181 1169 2262 qnod
1199 2198 1299 2262 neque

163 2303 271 2347 ueram
303 2283 352 2347 dei
385 2286 527 2347 naturam
556 2284 595 2347 ab
622 2284 712 2348 initio
741 2303 848 2348 eorum
875 2286 1075 2368 legislatores
1104 2284 1299 2369 agnouerint,

163 2406 264 2469 neque
304 2390 457 2469 qnantum
497 2389 656 2471 percipere
692 2392 864 2470 potnerunt
899 2391 1071 2473 perfectam
1111 2389 1298 2454 sententiam

75 2496 137 2558 251
163 2491 345 2557 definientes
377 2494 567 2575 reipublicae
599 2493 805 2573 tradiderunt,
838 2495 894 2559 sed
920 2496 1011 2559 uelut
1036 2495 1123 2559 eliud
1151 2493 1299 2576 quiddam
1316 2519 1343 2558 eo

162 2597 388 2679 pronissimum
411 2599 607 2679 reliquerunt
629 2598 740 2662 dantes
762 2601 954 2680 potestatem
976 2599 1079 2682 poetis
1103 2597 1240 2680 quidem,
1263 2599 1301 2660 ut

164 2719 243 2784 qnos
271 2702 391 2766 uellent
418 2702 492 2767 deos
520 2701 753 2766 introducerent
781 2703 858 2766 haec
881 2701 985 2767 omnia
1006 2702 1173 2785 patientes,
1196 2701 1300 2766 rheto-

251 2941 331 3005 LBR,
351 2940 402 3003 ΟΡ,
422 2956 446 2996 e.
467 2973 499 2980 —
519 2941 551 3003 Λ,
571 2940 611 2993 ed.
631 2957 670 3009 pr.

201 3119 213 3170 1
234 3116 386 3169 ualuissent
403 3114 431 3169 R
519 3114 649 3183 impeturn
661 3156 667 3169 .
679 3153 685 3165 .
698 3112 840 3181 .retinere]
860 3110 972 3182 ἐπισχιῑν
990 3113 1038 3182 τὴν
1057 3112 1139 3184 ὁρμὴν
1158 3111 1219 3164 ὅσον
1236 3117 1298 3180 γοῦν

164 3203 200 3265 εἰς
219 3204 247 3255 τὸ
267 3200 394 3273 δωμάτιον
414 3201 536 3253 ἀπελθεῖν
590 3201 607 3252 2
626 3199 675 3269 dii]
696 3199 790 3253 dume
861 3197 1025 3267 hominibus]
1045 3215 1078 3252 ec
1092 3199 1215 3253 omnibns
1229 3213 1297 3250 corr.

163 3291 201 3344 Ρι
272 3289 480 3358 3pascente1t
551 3286 789 3350 peucedanum
809 3290 887 3352 (corr.
906 3283 956 3351 13²)
974 3285 1043 3340 Boe
1114 3286 1192 3354 haec]
1211 3284 1299 3338 hoco

164 3376 375 3445 deredentium]
391 3373 575 3445 προεμένωνΛ
630 3374 704 3443 let]
720 3374 785 3429 ade
839 3374 901 3427 din
916 3372 1120 3441 dei-formam]
1134 3373 1175 3426 sic
1190 3372 1299 3425 Grooec

122 3470 123 3474 ’
162 3471 270 3519 secutus
287 3464 454 3530 transposui,
474 3465 502 3516 et
519 3463 630 3516 formam
649 3463 676 3514 in
697 3461 740 3515 dei
759 3460 845 3525 (iudei
862 3461 900 3525 R)
919 3465 1043 3512 naturam
1060 3460 1160 3514 cedde
1215 3458 1299 3513 9110-

163 3552 233 3621 rnm]
254 3566 343 3604 eorum
363 3550 391 3603 P
444 3550 477 3603 10
495 3549 633 3618 ciuitates]
653 3549 805 3610 mendosi,
824 3548 936 3601 ciuitate
955 3546 1052 3600 LeGP
1068 3548 1096 3600 in
1115 3547 1227 3600 ciuitate
1244 3545 1299 3600 BR

198 3639 227 3691 in
245 3638 342 3706 multa]
363 3637 515 3698 uumdoua',
534 3637 644 3690 simulta
657 3637 728 3690 codd
740 3635 898 3689 simulatae
954 3635 985 3687 11
1005 3636 1105 3702 putent
1117 3633 1145 3688 R
1200 3635 1235 3689 12
1250 3649 1297 3686 no-

164 3729 227 3780 cent
239 3725 267 3779 R
337 3726 528 3794 auersatorios]
547 3741 580 3778 ec
598 3722 786 3793 ἀποτροπαίους
798 3722 903 3790 scripsi,
918 3721 1115 3774 aduersatorios
1127 3719 1236 3774 LBRG
1251 3719 1299 3772 ad·

163 3812 294 3866 uersarios
312 3812 356 3865 Pe
411 3811 529 3882 quando]
549 3803 603 3862 εἶτα
622 3809 649 3863 dl
697 3811 729 3864 13
748 3810 853 3879 placere
871 3809 976 3863 cedde
1023 3810 1055 3864 15
1073 3808 1255 3877 praebuerunt
1272 3806 1300 3862 R

166 3901 199 3954 19
217 3900 407 3969 praeciperee
473 3899 508 3952 20
527 3890 690 3952 diffinientes
708 3897 788 3952 ROP
805 3896 993 3951 difinienteae
1063 3895 1227 3964 reipublicae
1244 3897 1298 3947 ιιι·

165 3985 300 4055 diderunt]
319 3988 383 4056 πρὸς
400 3993 477 4039 τοῦτο
497 3985 658 4056 ποιήσασθαι
674 3985 723 4055 τήν
742 3983 824 4056 ἄλλην
843 3983 914 4044 τάξιν
932 3990 977 4037 τοῦ
990 3983 1176 4055 πολιτεύματος
1239 3983 1298 4050 qui-

165 4074 262 4130 deme
316 4075 348 4127 21
369 4074 552 4142 relinquerent
569 4073 597 4126 P
665 4073 737 4144 petis
756 4072 810 4125 LB
881 4070 1000 4141 quidem]
1019 4071 1188 4140 siqnideme
1259 4073 1298 4132 ut,
1386 4145 1387 4148 Ἴ

164 4163 224 4214 tin
241 4178 297 4216 ras.
315 4160 355 4216 Ιι1
409 4163 443 4215 22
462 4161 534 4230 qnod
552 4161 578 4214 L
653 4161 731 4230 haec]
752 4161 828 4214 adest
845 4177 864 4214 o
884 4159 999 4214 Graecia
1059 4159 1210 4213 rethoribus
1229 4157 1299 4213 codd
