3036 4756
405 330 548 384 Contra
566 331 751 399 Apionem
779 331 800 394 1,
819 331 957 385 abr—311
980 331 1112 396 (xxxiv)
1279 334 1320 397 69

189 543 263 587 uero
282 524 376 588 refert
399 542 471 587 cum
493 542 642 606 responsa
663 524 836 606 recepisset
859 524 1036 588 sacerdotes
1061 528 1093 588 et
1116 524 1228 590 ariolos
1248 543 1321 588 euo-

190 648 278 695 casse
307 633 401 713 atque
424 629 568 707 iussisse,
592 633 630 692 ut
660 628 816 712 segregati
849 647 957 692 onmes
989 629 1132 693 inmundi
1164 629 1320 693 militibus

189 733 395 811 traderentur,
418 734 536 816 leprosi
554 751 630 798 uero
648 733 680 796 in
700 732 816 797 chartis
835 733 993 813 plumbeis
1011 733 1148 798 inuoluti
1166 734 1197 796 in
1216 733 1319 816 pelagi

189 838 341 921 profunda
364 840 589 921 mergerentur,
614 837 767 901 demersis
790 856 865 900 uero
888 838 1022 920 leprosis
1046 843 1078 902 et
1101 839 1205 903 scabie
1229 838 1320 902 uitia·
1343 839 1407 904 :308

157 944 230 1008 otis
269 945 347 1008 alios
385 947 589 1028 congregatos
626 943 657 1006 in
690 942 804 1007 deserti
839 944 909 1008 loca
939 944 1096 1026 perituros
1128 944 1317 1026 exposuisse.

190 1067 268 1131 quos
293 1051 498 1133 congregatos
527 1048 641 1113 asserit
668 1049 824 1131 cogitasse
852 1044 907 1130 pro
936 1051 1141 1133 semetipsis
1170 1056 1202 1114 et
1230 1052 1319 1114 nocte

189 1155 430 1236 superueniente
453 1155 558 1239 ignem
583 1157 614 1219 et
637 1154 821 1218 candelabra
841 1155 959 1236 pariter
981 1155 1161 1220 accendisse
1184 1176 1239 1238 pro
1263 1173 1320 1218 sua

190 1263 363 1326 munitione
401 1263 434 1325 et
471 1263 563 1325 nocte
601 1261 745 1343 sequenti
776 1260 944 1338 ieiunasse,
977 1263 1014 1324 ut
1044 1262 1203 1342 placarent
1234 1260 1319 1336 deos,

189 1371 342 1449 quatenus
366 1386 419 1431 eos
443 1367 606 1448 eriperent.
639 1368 738 1430 altera
764 1384 838 1430 uero
867 1365 917 1429 die
941 1367 1094 1447 quendam
1119 1366 1249 1449 Moysen
1273 1365 1318 1429 eis
1342 1367 1406 1430 309

147 1496 172 1535 ιο
188 1472 384 1553 persuasisse
408 1471 496 1548 dixit,
519 1476 556 1535 ut
577 1474 779 1554 properantes
807 1490 900 1536 unam
928 1472 1013 1535 uiam
1042 1475 1193 1550 secarent,
1222 1472 1318 1536 donec

190 1577 226 1643 ad
255 1578 325 1643 loca
356 1578 540 1643 habitabilia
569 1578 770 1660 peruenirent
802 1577 909 1660 eisque
941 1578 1139 1661 praecepisse
1170 1581 1208 1642 ut
1240 1577 1319 1642 nulli

189 1683 349 1748 hominum
372 1682 514 1748 tauerent
535 1701 636 1765 neque
658 1684 740 1761 bona
763 1682 968 1748 suadentibus
992 1683 1240 1765 adquiescerent,
1264 1682 1319 1746 sed

99 1871 102 1876 ,
189 1789 325 1870 pessima
362 1807 505 1872 quaeque
536 1789 674 1853 facerent
706 1789 896 1870 deorumque
927 1791 1045 1870 templa
1077 1792 1109 1854 et
1139 1807 1207 1852 aras
1240 1807 1318 1870 quae

188 1899 318 1977 possent
347 1895 487 1960 inuenire
520 1895 747 1960 subuerterent.
781 1895 964 1975 cuneusque
992 1895 1260 1960 consentientibus
1288 1897 1320 1958 et
1343 1895 1406 1958 310

147 2024 172 2064 u
189 2001 304 2082 placita
335 2000 524 2065 facientibus
554 1999 670 2065 deserti
698 2019 751 2064 eos
778 2000 838 2064 iter
865 2000 1034 2082 arripuisse
1061 2001 1222 2081 multaque
1249 2019 1318 2082 pas-

191 2124 254 2182 sos,
280 2109 434 2187 quatenus
459 2106 497 2170 ad
519 2106 723 2170 habitabilem
746 2105 939 2188 prouinciam
962 2105 1170 2188 peruenirent,
1194 2108 1319 2169 etcum

190 2211 369 2276 hominibus
393 2211 600 2275 contumelias
624 2211 731 2276 crebro
754 2211 905 2276 fecissent
927 2214 959 2276 et
985 2212 1103 2293 templa
1129 2214 1318 2285 uastassent,

189 2315 226 2379 ad
251 2318 364 2380 terram
389 2335 468 2396 quae
491 2335 574 2380 nunc
601 2317 778 2399 appellatur
804 2316 920 2381 Iudaea
949 2335 1002 2381 eos
1031 2317 1157 2381 uenisse
1184 2334 1319 2381 comme-

189 2424 290 2485 morat
303 2421 566 2503 aedificantesque
582 2420 744 2486 ciuitatem
758 2422 825 2486 illic
844 2421 1047 2486 inhabitasse.
1067 2441 1145 2503 quae
1164 2421 1240 2486 urbs
1259 2417 1317 2482 ἀπὸ
1341 2424 1403 2487 311

62 2534 64 2540 ’
144 2551 170 2589 ao
188 2532 241 2609 τῆς
268 2508 452 2608 ἱεροσυλείας
480 2527 511 2590 id
539 2531 589 2591 est
611 2547 629 2591 a
650 2529 838 2611 templorum
868 2527 1073 2608 expoliatione
1100 2527 1319 2608 Hierosolyma

276 2731 355 2795 aar,
375 2729 466 2785 cera.
486 2762 517 2771 -
538 2733 570 2795 u,
589 2731 630 2786 ea.
649 2749 689 2802 pr.

223 2887 375 2947 iiussisse,
395 2887 460 2939 isse
478 2900 511 2939 aa
529 2901 587 2938 essa
606 2901 674 2940 eor-r.
693 2887 720 2939 B
791 2887 807 2940 3
828 2885 1004 2948 traderentur,
1023 2887 1121 2956 leprosi
1139 2888 1214 2956 uero]
1235 2906 1317 2959 napa·

189 2973 277 3026 dodran
291 2972 424 3034 (κατάξειν
444 2973 537 3035 αὐτοὺς
557 2971 593 3034 εἰς
611 2973 659 3043 τὴν
677 2971 789 3044 ἔρημον>
808 2976 868 3036 τοὺς
883 2973 909 3026 dt
926 2971 1047 3044 λεπροὺς
1066 2974 1176 3029 inclina
1193 2981 1317 3043 anapaesta

188 3077 242 3115 csse
259 3067 329 3116 recte
346 3061 453 3116 iudicat
471 3061 554 3115 Niara
644 3061 744 3130 leprosi
763 3064 1055 3132 nero-mergerentur]
1075 3064 1106 3115 ia
1124 3069 1199 3116 testu
1217 3063 1317 3117 omaso

188 3150 218 3202 ia
235 3164 337 3202 mmmo
355 3150 477 3217 marpiae
494 3149 573 3217 sipoto
591 3149 624 3202 d.
645 3149 675 3212 (i.
694 3164 715 3202 c.
734 3148 820 3217 deest)
838 3150 947 3217 utrique
969 3149 1027 3204 loco
1050 3152 1176 3218 apposito
1194 3151 1283 3218 suppl.
1303 3154 1319 3201 1

188 3253 261 3289 resa.
279 3236 307 3288 B
413 3238 493 3290 cartis
511 3235 609 3290 RCPa
628 3237 728 3290 carthis
745 3236 828 3290 BVP
914 3238 1144 3306 elongarentur]
1163 3237 1275 3290 rabaam
1294 3238 1313 3288 l

188 3328 203 3376 ἴ)
223 3324 301 3391 υἰίοοἸ
322 3325 381 3384 τοὺς
401 3321 496 3385 ἄλλους
593 3324 621 3376 in
640 3323 753 3377 desertis
772 3325 838 3377 locis
859 3324 952 3380 GPPa
1041 3327 1056 3377 7
1076 3325 1226 3379 atcerrdisse
1246 3330 1269 3391 (t
1286 3325 1317 3377 in

188 3416 254 3475 rua.)
269 3412 296 3464 B
349 3410 546 3464 dieirrnassent
559 3410 613 3466 BR
667 3411 815 3480 9Moysen]
830 3427 881 3465 oar.
896 3412 941 3465 Pa
991 3413 1023 3466 10
1036 3413 1221 3482 properantes]
1235 3431 1316 3483 παρα-

189 3497 357 3569 βαλλομένους
376 3498 398 3548 h
491 3499 529 3551 ll
541 3498 712 3567 habitabilia}
732 3498 897 3570 οἰκουμένους
915 3500 1066 3554 habitantia
1084 3502 1155 3555 codd
1171 3502 1205 3567 cs.
1224 3501 1244 3570 ἕ
1263 3506 1318 3554 310

222 3601 320 3654 eosque
338 3585 384 3638 Pa
466 3588 497 3640 la
516 3589 672 3655 neque-13
691 3588 821 3656 iacerent]
841 3585 905 3659 μήτε
925 3585 1016 3657 <ipram
1035 3587 1231 3658 συμβουλεύσειν
1251 3588 1317 3640 ἀλλὰ

189 3673 220 3724 τὰ
238 3671 343 3742 χείρονα
398 3674 431 3725 14
449 3674 562 3742 cunctis]
582 3680 633 3726 τῶν
652 3672 738 3726 didos
794 3675 825 3730 15
844 3676 975 3744 pacitaP
1028 3676 1060 3730 16
1079 3675 1204 3745 quatinus
1217 3675 1316 3728 BPPa

222 3760 455 3814 habitabitabilenr
474 3761 501 3814 Β
571 3763 736 3829 prouinciaur
754 3762 929 3816 habitabilem
949 3769 981 3819 tr.
999 3763 1027 3817 R
1099 3762 1131 3816 17
1150 3765 1314 3831 uastassentl

189 3844 319 3908 ουλῶντας
337 3847 381 3898 ml
398 3845 579 3918 ἐμπρήσαντας
658 3851 691 3903 19
709 3848 846 3903 habitasse
864 3850 892 3904 R
980 3848 1315 3904 AllOTHCthOCl'llla

186 3932 258 3985 BPa
277 3931 682 3991 alloellcral’ocrnuaac
695 3937 723 3991 R
740 3935 1072 3991 alro'ruclsroclhra
1089 3937 1112 3991 0
1127 3938 1315 4007 anoturiepoy·

188 4021 262 4089 cyeia
278 4021 306 4073 P
322 4021 413 4089 spatio
431 4038 521 4077 ascaro
540 4023 631 4078 relicto
650 4040 700 4078 ora.
725 4024 749 4075 V
819 4025 852 4078 20
878 4024 911 4078 ad
933 4026 1092 4095 templorum
1111 4026 1315 4096 expoliationem

188 4108 386 4177 (spoliationem
406 4108 491 4164 BRV
507 4109 541 4163 ad
560 4127 610 4165 orn.
630 4112 666 4182 P)
683 4112 760 4167 codd.
820 4110 1016 4182 Hierosolyma}
1037 4109 1189 4184 {apocrilopa
1207 4119 1230 4166 A
1250 4111 1315 4182 {apd-

189 4192 254 4248 κολα
271 4195 311 4248 ed.
328 4212 370 4262 pr.
