3036 4756
237 304 300 368 124
454 299 599 356 Contra
624 300 809 372 Apiouom
832 301 868 366 11,
887 301 1029 357 220-224
1048 301 1158 370 (xm)

235 499 360 581 gentem
388 499 421 563 et
447 496 656 563 uoluntariam
683 498 764 582 legis
789 498 1044 581 consequentiam
1066 515 1137 562 esse
1158 496 1368 574 manifestam,

146 595 209 661 221
233 600 418 667 imbuebant
453 599 589 668 Graecos
630 602 764 668 maiores
803 602 904 668 nostri
949 603 1044 666 etiam
1085 604 1171 666 extra
1209 602 1366 686 regionem

234 706 391 791 propriam
427 707 604 786 constituti,
636 706 818 773 huiusmodi
850 707 1006 791 siquidem
1038 709 1156 772 sectam
1188 707 1303 772 babent
1335 710 1368 772 et

204 816 299 886 ,tam
340 812 509 898 gloriosam
550 813 588 878 sle
625 812 682 879 deo
718 813 860 896 talesque
895 813 984 898 leges
1019 813 1121 879 multo
1158 814 1283 879 saeculo
1320 813 1366 878 sic

233 917 413 984 firmissimo
448 918 616 997 custodire,
653 937 761 984 omues
797 918 930 985 arbitror
964 920 1120 984 ammirari
1151 923 1278 1003 propter
1307 918 1367 982 ire·
1397 941 1411 980 ι

146 1019 209 1085 222
233 1026 365 1106 queutes
388 1023 471 1107 apud
492 1024 550 1090 hos
572 1023 672 1089 iactas
694 1024 897 1092 mutationes.
921 1025 1054 1107 deniqne
1077 1043 1141 1102 eos,
1160 1025 1215 1107 qui
1233 1025 1367 1090 conscri-

231 1128 305 1194 bere
327 1129 466 1212 proxime
490 1129 527 1194 da
551 1129 713 1211 republica
735 1133 768 1195 et
789 1129 915 1213 legibus
937 1131 1183 1212 temptauerunt,
1206 1131 1364 1211 umquam

232 1232 271 1298 de
293 1234 528 1300 incredibilibus
552 1233 835 1317 compositionibus
857 1234 984 1317 quidam
1011 1234 1191 1317 frequenter
1217 1237 1366 1299 accusant

232 1337 384 1418 (licentes,
408 1340 554 1422 quoniam
576 1340 778 1423 inpossibilia
800 1339 993 1422 sumpserint
1015 1344 1207 1425 argumenta
1232 1344 1266 1406 et
1287 1339 1365 1404 alios

232 1442 359 1526 quidem
382 1445 524 1528 relinquo
546 1446 762 1530 philosophos,
785 1446 977 1528 quicumque
999 1444 1180 1511 huiusmodi
1203 1445 1364 1530 negotium
1385 1473 1411 1511 ιο

145 1546 209 1614 223
231 1548 263 1613 iu
301 1550 369 1617 suis
406 1551 689 1636 conscriptionibus
725 1551 914 1627 habuerunt;
955 1552 1060 1618 Plato
1088 1551 1241 1616 mirabilis
1282 1551 1364 1633 apud

233 1653 382 1724 Graecos·
402 1660 563 1740 tamquam
595 1661 629 1722 et
658 1657 821 1724 honestate
853 1659 939 1724 uitae
970 1657 1157 1742 praecedens
1185 1661 1218 1721 et
1246 1656 1364 1720 uirtute

232 1779 413 1828 sermonum
444 1766 477 1827 et
507 1764 708 1846 persuasione
739 1764 955 1848 philosophiae
987 1767 1118 1829 cunctos
1146 1762 1300 1828 excellens
1325 1761 1364 1825 ab

231 1866 293 1944 bis,
326 1868 381 1950 qui
412 1868 560 1943 dicebant
589 1869 763 1952 pessimum
795 1888 865 1935 osse
897 1869 935 1934 de
965 1869 1128 1953 republica
1158 1867 1363 1944 conscribere,

144 1971 209 2036 224
231 1970 348 2038 illusus
377 1976 410 2038 et
436 1973 619 2058 diuulgatus
645 1994 742 2058 paene
769 1979 950 2058 peremptus
978 1978 1037 2053 est,
1065 1981 1138 2040 cum
1169 1975 1281 2057 utique
1309 1971 1365 2055 qui
1382 2000 1409 2040 ιι

230 2076 320 2143 illius
347 2068 444 2144 uerba
470 2079 723 2158 considerauerit,
750 2081 928 2163 frequenter
950 2084 982 2146 et
1003 2080 1096 2146 iacile
1116 2079 1260 2164 reperiet,
1284 2097 1363 2160 qnae

231 2182 327 2248 etiam
350 2185 568 2251 consuetudini
590 2186 795 2270 plurimorum
819 2187 958 2272 proxima
984 2206 1055 2252 esse
1081 2188 1264 2252 noscuntur.
1295 2185 1363 2267 ipse

319 2372 399 2433 LBR.
418 2372 470 2440 ΟΡ,
489 2389 514 2429 o.
535 2403 567 2414 -
585 2373 677 2429 Euseb
694 2378 726 2439 A,
745 2375 788 2430 ed.
805 2392 845 2445 pr.

229 2505 278 2560 scd
290 2511 450 2575 pamm
462 2522 565 2575 perum
584 2511 653 2561 scote
670 2507 742 2561 inter
758 2523 786 2561 ac
803 2507 895 2562 incenit
975 2505 1020 2561 uel
1036 2505 1221 2574 si-contigit]
1236 2500 1284 2556 κᾶν
1297 2520 1325 2555 τι
1339 2522 1363 2556 ιι

231 2593 267 2664 μὴ
291 2592 452 2667 συμβεβήκει
474 2592 785 2666 γνωριμον...ὑπάρχιιν
802 2596 827 2648 A
849 2594 973 2649 honorari
995 2599 1046 2649 atet
1063 2610 1095 2648 ex
1112 2611 1136 2646 τι
1154 2591 1190 2663 μὴ
1210 2596 1248 2646 eat
1265 2596 1363 2654 onum,

231 2687 281 2736 cut
298 2683 330 2737 ι’νι
347 2681 466 2752 ignorari
484 2682 600 2751 comipca
683 2681 817 2752 contingit
833 2681 862 2738 R
933 2683 1085 2753 lgentem]
1104 2679 1195 2745 ῐθνοςι
1214 2680 1302 2749 legem
1319 2678 1364 2735 Lo

230 2769 247 2824 2
273 2769 433 2824 imbuebant
455 2767 571 2824 Graecos
594 2768 708 2823 maiores
726 2769 822 2840 nostri]
841 2767 909 2822 ἀλλά
927 2786 964 2830 τις
981 2766 1000 2839 ἢ
1020 2767 1164 2841 συγγράψαι
1179 2766 1257 2838 λόγος
1276 2764 1363 2828 αὐτοῖς

230 2853 386 2928 ἇνιγίνωσκι
403 2862 457 2919 τοῖς
478 2852 590 2928 Ἕλλησι
607 2857 699 2912 meae
720 2856 739 2929 ἢ
759 2858 907 2929 συγγραφὰς
924 2856 1007 2928 λόγων
1026 2852 1104 2918 οιῖνιὸς
1120 2853 1291 2927 ἀναγίγνωσκε
1308 2856 1362 2914 τοῖς

196 2977 199 2982 -
233 2938 360 3016 Ἕλλησιν
378 2948 403 3000 Δ
474 2944 602 3014 Graecos]
623 2948 741 3000 ceterum
757 2944 786 3001 R
857 2943 1129 3013 etiam-constituti]
1147 2941 1165 3015 ἢ
1184 2961 1233 2995 ποι
1253 2945 1292 3012 (γι
1308 2941 1361 2996 ine.

229 3035 263 3099 A)
287 3038 430 3106 πιριτοχιῖν
451 3031 503 3095 ’ἔξω
523 3040 571 3105 τῆς
589 3032 781 3105 γινωσκομᾶνης
799 3032 947 3105 (γινομένης
964 3032 998 3102 A)
1015 3038 1065 3103 γῆς
1083 3028 1194 3102 {pacata
1213 3027 1363 3100 ἀνθρώποις

229 3117 247 3172 8
265 3119 376 3190 sectam]
400 3137 433 3177 ιω
451 3119 528 3184 δόξαν
546 3120 816 3183 σιιιιιᾰοιιί,.ιιοῐιιο
835 3120 940 3178 cocae
1055 3119 1093 3190 at]
1117 3118 1193 3174 abest
1210 3134 1229 3172 a
1249 3115 1363 3172 Graccis

229 3208 247 3261 4
265 3207 316 3276 sic]
337 3208 412 3263 abaci
431 3226 450 3264 ο
470 3209 585 3265 Graccis
646 3211 663 3264 5
681 3207 823 3263 custodere
841 3207 868 3262 L
886 3206 1091 3281 ippaqquso'soc
1107 3207 1199 3262 Eocscb
1217 3204 1361 3278 λμμιμινγ·

229 3288 323 3350 κόσιΔ
394 3296 480 3351 omnis
493 3297 522 3353 R
586 3297 723 3367 frequetes
736 3297 764 3350 P
815 3296 922 3367 iapud
935 3297 997 3365 hos]
1012 3295 1072 3368 παρ’
1090 3295 1178 3357 αὐτοῖς
1191 3293 1283 3349 moab
1300 3292 1360 3362 παρ’

230 3382 318 3446 αὑτοῖς
334 3387 359 3439 A
377 3385 448 3456 apud
465 3402 515 3440 nos
528 3386 600 3441 codd
617 3401 633 3442 a
687 3387 703 3440 7
721 3385 849 3456 proxime]
867 3383 1023 3456 παγαπλιῑον
1035 3387 1060 3439 A
1077 3381 1256 3455 παραπλήσιον
1270 3380 1361 3435 Eosscb

229 3469 246 3524 8
274 3471 307 3526 (le
333 3466 537 3528 incredibilibus
564 3473 812 3544 compositionibus]
839 3475 999 3545 θαυμαστῶν
1021 3471 1154 3524 solenne
1176 3472 1200 3524 A
1221 3467 1362 3539 θαυμαστὰ

230 3559 377 3613 συνθέντων
396 3562 487 3616 Εκιώ
577 3558 597 3616 9'
615 3566 787 3632 sumpserunt
803 3563 830 3618 R
849 3560 1049 3632 scripseriutO
1138 3559 1171 3613 10
1189 3556 1298 3628 quidam
1316 3553 1362 3609 P?

181 3708 183 3713 ‚
263 3648 448 3718 relinquentes
465 3648 493 3702 B
548 3651 577 3704 ll
599 3649 850 3721 conscriptionibus]
868 3648 1096 3721 σογγροὶμμοσινΔ
1113 3645 1258 3718 γράμμασιν
1271 3643 1361 3698 Eoecb
1380 3721 1382 3725 7

264 3736 358 3806 plauto
377 3737 404 3790 L
421 3735 533 3790 Πλάτων
551 3736 578 3791 δι
597 3737 676 3792 Plato
695 3753 759 3792 noro
777 3737 884 3792 ιοιιίοιο
956 3737 990 3791 12
1008 3737 1046 3806 et]
1067 3734 1136 3791 (loe
1206 3733 1361 3804 praecclons

230 3822 251 3890 (l
264 3823 296 3877 ιἰι
309 3828 377 3890 roa)
396 3823 420 3878 0
454 3824 487 3878 18
501 3824 701 3895 philosophiae]
719 3825 780 3886 τοὺς
799 3821 825 3876 ἰν
845 3821 983 3896 φιλοσοφίᾳ
995 3822 1133 3894 γεγονότος
1171 3823 1205 3876 14
1217 3821 1271 3891 bis]
1286 3820 1320 3874 iis
1333 3820 1361 3876 R

264 3912 421 3981 pessimum]
440 3911 459 3966 ι’.
478 3929 499 3967 ι.
519 3909 609 3977 δεινόν,
629 3911 719 3966 δεινῶν
736 3910 827 3966 Eueeb
846 3910 945 3973 δεινούς
962 3914 986 3966 Δ
1076 3911 1109 3964 15
1133 3911 1289 3980 peremptus
1307 3909 1359 3978 est]
1381 3948 1385 3958 .

229 3998 340 4053 διατιλιῐ
393 4000 426 4054 16
446 3999 677 4055 considerouonnt
694 3999 818 4056 LBeOR
837 4006 939 4052 σκοπῶν
957 4001 982 4053 A
999 3998 1124 4053 σκώπτων
1142 3997 1233 4053 Εκιιὸ
1307 3996 1360 4051 fre·

229 4089 536 4158 quonian-noscuntur]
562 4095 664 4161 σοχνῶς
686 4106 724 4150 τις
748 4086 779 4139 ἂν
803 4087 874 4160 sbpot
896 4086 958 4160 ῥᾷον
982 4087 1055 4162 (punc
1074 4083 1177 4141 ὅνποιΔ
1200 4085 1281 4158 piosa
1298 4081 1361 4138 ὄντα

228 4175 269 4230 cd.
283 4178 340 4245 pr.)
359 4175 545 4239 cataniensis
563 4174 665 4228 πολλῶν
683 4173 767 4247 ἰ’γγιον
786 4170 877 4241 (αἴτιον
894 4178 928 4242 A)
948 4173 1100 4247 σονηθιίαις
1185 4173 1317 4244 reperiret
1332 4172 1361 4229 R
