3036 4756
638 305 855 361 Praefatio.
1212 308 1315 374 XLIII

121 483 124 519 ³
181 517 238 583 pro
269 500 368 565 uerbo
399 498 546 566 reddidit.
580 500 641 566 alio
673 500 742 565 loco
774 518 804 582 p.
838 500 935 576 5,19
969 498 1089 565 Graeca
1120 499 1186 565 sine
1218 499 1314 565 dubio

182 604 294 670 habuit
322 623 399 669 sana
428 604 519 670 baec:
552 609 604 670 nai
634 607 700 690 napi
729 615 787 669 τῶν
819 601 866 668 aaa
895 600 1004 688 Τροίαν
1033 604 1184 678 τοσούτοις
1223 603 1313 670 ἔτεσιν

183 705 421 793 στρατευσάντων
461 703 582 794 ὕστερον
687 713 803 790 γέγονεν
923 712 1042 796 ζήτησις
1083 707 1108 771 εἰ
1145 707 1315 795 γράμμασιν

183 811 326 900 ἐχρῶντο,
367 814 423 879 sed
463 833 581 880 conexu
626 815 794 882 uerbomm
836 834 896 880 non
938 818 1028 897 capto
1075 814 1120 880 sic
1164 814 1315 880 reddidit:

183 919 275 982 otram
298 919 336 983 de
361 917 506 984 Troianis
528 920 618 984 rebus
639 921 692 984 nbi
714 910 757 985 tot
779 920 873 984 annis
895 919 1060 984 militatum
1084 924 1130 984 est
1145 924 1314 1001 postca...

183 1025 320 1104 quaeum
343 1024 434 1108 facto
465 1029 520 1101 cst,
541 1029 648 1089 utrum
679 1025 790 1090 litteris
820 1025 872 1089 usi
893 1029 977 1089 sunt.
999 1045 1029 1108 p.
1052 1026 1105 1103 37,
1131 1027 1172 1090 14
1197 1024 1316 1092 Graeca

183 1129 280 1194 uerba
306 1148 366 1195 nou
395 1131 500 1195 minus
528 1150 603 1195 sana
630 1130 711 1195 male
737 1131 820 1195 inter
843 1130 1007 1195 seiunxit
1036 1134 1110 1196 suut
1131 1131 1233 1196 multa
1255 1131 1316 1195 alia

184 1236 438 1319 exemplaque
470 1255 544 1301 cum
573 1236 704 1320 longam
737 1236 781 1300 sit
812 1235 850 1300 ad
882 1235 1014 1300 uerbum
1038 1237 1209 1302 exscribere
1232 1255 1315 1302 com·

185 1340 310 1405 modius
337 1342 406 1424 ipse
438 1341 607 1407 editionem
636 1338 787 1406 Graecam
815 1345 848 1405 et
873 1341 1049 1406 ueraionem
1071 1343 1213 1407 Latinam
1235 1343 1317 1407 inter

186 1465 219 1510 se
252 1447 447 1529 comparabis
477 1447 568 1512 uelut
598 1465 629 1527 p.
664 1448 713 1527 10,
745 1448 787 1511 25
820 1448 873 1524 25,
906 1447 926 1510 3
958 1447 1012 1522 38,
1043 1450 1062 1511 8
1101 1449 1153 1527 41,
1187 1451 1228 1513 29
1263 1450 1314 1527 42,

186 1551 226 1615 16
251 1553 303 1630 82,
327 1553 347 1616 2
373 1553 446 1632 106,
472 1554 512 1617 13
537 1552 610 1631 114,
636 1553 676 1616 14
701 1555 733 1616 et
755 1571 784 1634 q.
810 1570 835 1618 a.
860 1551 1002 1617 dilficilia
1029 1551 1167 1618 aludisse
1189 1553 1317 1619 uidetur

184 1675 215 1738 p.
248 1659 300 1734 56,
329 1658 348 1722 8
376 1653 456 1721 ἀλλὰ
485 1659 538 1723 nat
567 1671 629 1731 τοῖς
660 1653 761 1729 αὐτοῖς
792 1654 940 1729 tunica<
970 1667 1028 1721 τῶν
1056 1658 1315 1742 σεβασττοομένων

184 1756 267 1845 ἱερῶν
290 1763 373 1846 [qua
391 1766 543 1849 χρώμένοι
559 1763 706 1826 διετέλουν
725 1762 771 1828 sic
789 1770 931 1828 uertens:
950 1762 1006 1828 sed
1023 1763 1116 1826 ctiam
1134 1763 1206 1842 urso
1224 1781 1316 1825 soora

184 1865 338 1930 animalia
377 1887 456 1955 quac
489 1860 979 1967 Xsatiabuntur*crudelissime
1023 1867 1315 1948 discerpserunt.

185 1971 295 2038 omisit
321 1972 454 2055 denique
482 1972 634 2056 quaedam
662 1975 700 2037 ut
725 1972 852 2038 uidetur
879 1973 941 2038 sibi
968 1971 1112 2038 diffidens
1139 1993 1170 2056 p.
1194 1973 1249 2050 48,
1275 1974 1316 2037 13

186 2079 238 2154 69,
265 2081 304 2143 15
328 2079 381 2156 35,
408 2079 447 2143 16
470 2079 523 2158 37,
548 2079 567 2142 8
590 2079 645 2155 43,
671 2079 709 2143 19
734 2078 804 2144 aliis
827 2078 917 2145 locis.

229 2183 316 2249 Haec
347 2183 406 2250 hoc
437 2184 508 2249 loco
541 2180 713 2260 sufficiant3
738 2183 922 2264 explicatius
946 2183 1040 2260 enim,
1066 2185 1101 2248 at
1126 2182 1189 2247 iam
1221 2201 1317 2266 supra

184 2290 303 2369 monui,
321 2290 353 2354 in
370 2289 602 2373 prolegomenis
622 2287 828 2371 antiquitatis
846 2287 992 2354 Iudaicae
1009 2287 1098 2353 libris
1116 2288 1318 2371 praemitten-

186 2395 234 2459 dis
257 2395 336 2459 mihi
360 2395 516 2480 agendum
540 2380 600 2460 est
659 2402 663 2410 '

251 2588 269 2670 fi
293 2586 324 2650 9.
348 2585 402 2650 De
423 2585 621 2650 librorum
645 2560 775 2650 contra
795 2583 975 2668 Apionem
998 2584 1250 2667 inscriptione

615 2694 651 2756 et
672 2690 887 2775 partitione.

229 2813 375 2884 Fortasse
398 2813 461 2877 iam
489 2813 620 2878 subierit
644 2832 736 2896 quem
764 2812 899 2892 miratio,
923 2813 1007 2896 quod
1028 2832 1130 2895 usque
1153 2813 1256 2878 adhuc
1278 2833 1318 2879 ue

187 2919 318 2984 uerbum
333 2910 336 2917 ’
351 2918 476 3001 quidem
513 2919 551 2983 de
588 2918 713 2983 nomine
748 2919 900 2984 librorum
932 2921 1040 2984 contra
1065 2918 1219 3000 Apionem
1245 2938 1317 3004 pro·

186 3023 323 3089 tulerim.
349 3023 432 3106 quod
455 3027 560 3089 tamen
584 3043 655 3089 cum
677 3023 745 3090 ficri
768 3042 827 3088 non
850 3028 967 3106 posset,
988 3029 1154 3107 antequam
1177 3025 1215 3091 de
1234 3026 1318 3090 codi-

187 3149 260 3195 cum
286 3129 407 3194 rationa
434 3129 658 3212 exposuissem,
688 3148 769 3194 nunc
792 3129 854 3194 iam
878 3129 918 3194 ad
944 3130 1165 3214 praetermissa
1191 3149 1317 3215 aggres-

188 3255 243 3301 sus
266 3238 420 3318 quantam
442 3253 522 3317 opus
546 3235 606 3298 erit
625 3234 663 3300 de
680 3234 896 3301 libelli-titulo
915 3238 947 3299 et
970 3235 1007 3299 de
1029 3234 1195 3317 partitione
1215 3255 1316 3319 agam.

187 3345 281 3423 atque
304 3341 440 3423 primum
463 3340 581 3406 scimus
605 3339 828 3407 cassiodorum
847 3339 1038 3417 Senatorum,
1062 3357 1135 3405 cum
1156 3340 1188 3405 iu
1211 3361 1316 3406 mona·

188 3447 284 3512 sterio
316 3446 495 3510 Viuariensi
527 3446 566 3511 ab
593 3446 662 3530 ipso
694 3446 820 3513 condito
843 3447 1067 3513 bibliothecam
1089 3451 1222 3531 pararet,
1247 3468 1318 3531 ope·

187 3571 253 3616 ram
282 3535 418 3630 dedisse,
440 3558 478 3617 ut
499 3553 625 3636 Iosepbi
646 3552 856 3636 Antiquitatis
879 3553 1024 3618 Iudaicae
1048 3556 1080 3618 et
1098 3557 1206 3618 contra
1222 3554 1318 3638 Apio-

186 3677 257 3722 nem
279 3657 352 3722 libri
374 3658 513 3723 nondam
531 3659 633 3724 Latini
654 3658 729 3724 lacti
748 3658 787 3723 ab
806 3658 915 3724 amicis
934 3659 1002 3724 suia
1024 3663 1230 3726 uerterentur.
1249 3661 1317 3743 ipse

188 3763 270 3829 enim
298 3763 336 3828 de
363 3762 563 3830 institutione
591 3764 768 3830 diuinarum
797 3765 972 3830 litterarum
1000 3767 1102 3849 capite
1124 3765 1215 3832 XVII
1241 3767 1318 3832 baec

191 3869 314 3935 scribit:
337 3872 373 3933 nt
394 3874 439 3935 ost
460 3867 610 3952 Iosephus
624 3891 729 3952 poene
749 3871 901 3935 secundus
923 3869 1040 3935 Mutus
1065 3871 1100 3935 in
1127 3870 1216 3935 libris
1237 3872 1319 3935 anti·

189 3977 344 4061 quitatum
373 3975 578 4041 Iudaicorum
608 3977 669 4042 late
699 3976 846 4061 ἄφασον,
875 3997 963 4062 quem
987 3981 1082 4058 pater
1107 3975 1320 4061 Hieronymus

188 4084 328 4148 snibcns
354 4084 397 4148 od
419 4081 573 4149 Lauinum
596 4081 762 4149 Baeticam
782 4087 913 4164 propter
934 4083 1178 4166 nequitudinrm
1197 4082 1320 4164 moliri

188 4189 291 4272 operis
317 4212 338 4255 a
364 4208 397 4254 se
421 4189 558 4271 puiaibet
584 4211 647 4255 non
670 4190 812 4271 potuisse
839 4190 1016 4270 transferri.
1043 4188 1125 4253 tuno
1154 4193 1257 4254 waren
1279 4187 1319 4253 ab
