3036 4756
198 316 258 383 xx
551 313 552 316 ’
659 310 874 367 Praefatio.

246 503 349 570 Codex
376 503 459 595 enim
486 502 713 567 Laurentianus
742 500 773 567 S.
799 501 908 568 Crucis
931 503 1006 567 XIX
1031 505 1046 566 l
1074 500 1153 588 (Cr),
1177 502 1332 567 siminus

200 629 236 676 ex
254 610 279 674 L
295 611 376 693 ipso,
396 613 429 674 at
451 612 533 674 certe
557 628 593 674 ex
616 607 684 675 eius
707 609 885 694 apographo
909 609 1014 691 aliquo
1036 612 1201 692 propterea
1222 609 1333 692 prouo-

199 716 284 781 nisse
304 719 353 781 est
370 715 567 794 iudicandus,
586 713 670 798 quod
688 734 816 779 manum
834 713 875 778 L³
893 714 1109 781 correctricem
1126 713 1191 778 fero
1210 732 1334 795 sempor

200 822 363 905 expressit.
388 840 483 904 quam
501 823 540 885 ob
560 839 625 885 rem
648 838 721 885 cum
742 839 803 885 nou
827 839 906 902 opus
937 823 1023 885 esset
1048 822 1170 902 praeter
1191 819 1216 884 L
1239 818 1333 883 etiam

201 926 242 993 Cr
283 926 400 992 codicis
440 927 592 992 lectiones
636 926 669 990 in
715 929 865 1010 apparatu
907 926 1016 991 critico
1057 926 1214 1004 adnotare,
1255 924 1332 990 satis

200 1033 297 1098 habui
325 1032 353 1097 si
380 1051 442 1114 qua
470 1030 507 1096 de
536 1050 638 1097 causa
657 1032 736 1096 utile
759 1032 927 1097 uidebatur
949 1032 1135 1113 scripturam
1164 1032 1233 1096 eius
1262 1030 1335 1096 sub-

202 1137 379 1221 scripsisse,
404 1155 485 1202 nuuc
507 1140 612 1202 tamen
635 1137 726 1215 addo,
745 1137 860 1219 quibus
879 1156 951 1202 eum
970 1136 1008 1202 ab
1027 1138 1052 1201 L
1069 1136 1203 1220 pendere
1225 1137 1334 1219 paucis

205 1243 427 1308 demonstrem.
474 1242 558 1325 quod
598 1261 629 1324 p.
664 1245 714 1321 10,
749 1244 790 1306 13
826 1245 909 1307 recto
950 1241 1082 1308 correxit
1117 1240 1157 1305 L³
1188 1241 1259 1306 orbe
1294 1239 1335 1306 Cr

202 1367 328 1431 quoqne
359 1347 509 1427 exhibuit,
542 1367 602 1412 non
634 1347 738 1412 minus
770 1350 874 1412 tamen
910 1366 946 1412 ea
978 1345 1155 1429 descripsit,
1184 1364 1264 1428 quae
1295 1344 1335 1409 L³

202 1472 332 1537 prorsus
364 1472 383 1516 a
414 1472 489 1517 uero
522 1452 666 1517 aberrans
697 1451 844 1518 mutauit.
876 1452 1053 1517 conferatur
1079 1451 1212 1534 exempli
1235 1450 1336 1536 gratia

1018 1575 1029 1616 ὃ
1040 1591 1090 1624 popu

201 1629 279 1694 haee
302 1629 389 1694 uaria
415 1629 525 1695 lectio:
551 1649 583 1712 p.
607 1630 659 1704 90,
684 1625 918 1714 delegacionem]
941 1628 976 1706 L,
1004 1628 1183 1708 (1111110111
1204 1617 1254 1703 11³,
1285 1627 1334 1690 de-

195 1779 381 1861 populatum
394 1778 444 1857 Cr,
459 1778 512 1843 uel
529 1799 559 1861 p.
580 1779 631 1859 91,
653 1781 692 1842 15
708 1775 927 1865 perdiscimus]
945 1778 971 1841 L
985 1739 1194 1879 perdiscimus
1211 1776 1251 1841 L⁸
1267 1797 1336 1840 sorr-

202 1929 352 1994 dissimos
371 1928 420 2007 Or,
439 1950 468 2013 p.
489 1929 562 2007 116,
582 1930 602 1993 9
625 1948 751 2012 eumque
766 1924 907 2014 placore]
926 1947 1053 2012 errorique
1067 1925 1190 2007 placere
1206 1927 1241 2002 L,
1261 1947 1277 1988 c
1294 1927 1335 1990 ei·

203 2055 261 2120 poe
285 2035 411 2116 placere
437 2035 468 2098 in
496 2033 636 2118 margine
663 2033 812 2116 apposuit
838 2031 887 2107 11⁸,
915 2034 1002 2112 eique
1022 2031 1146 2113 placere
1173 2031 1224 2098 Cr.
1256 2050 1335 2113 quae

203 2141 345 2223 exempla
372 2158 444 2205 curn
473 2139 551 2205 satis
579 2158 658 2222 qnae
686 2137 748 2203 diri
774 2137 917 2220 probent,
939 2138 1051 2203 inutile
1081 2139 1131 2203 ost
1151 2138 1242 2220 plura
1264 2156 1336 2202 con-

204 2265 320 2330 gerere.
345 2246 501 2330 gemellus
524 2247 630 2310 autem
652 2243 716 2309 fere
740 2242 856 2308 codicis
880 2242 921 2309 Cr
944 2247 994 2308 est
1016 2242 1112 2309 codex
1134 2242 1335 2308 Florentinus

205 2350 237 2416 S.
260 2351 439 2416 Marcianus
463 2352 526 2416 385
545 2349 617 2434 (Μ),
642 2368 735 2441 quem
753 2349 869 2433 pariter
886 2349 918 2413 iu
936 2353 1086 2433 apparatu
1106 2348 1231 2414 silentio
1243 2367 1335 2431 ‘prae-

187 2456 285 2536 torii.
309 2456 418 2521 eadem
441 2457 523 2521 enim
545 2459 679 2538 uterque
702 2455 822 2520 omittit
843 2453 888 2539 (p.
914 2456 964 2533 10,
984 2457 1026 2518 25
1049 2454 1099 2519 leis
1118 2457 1337 2518 omen-suot

205 2580 267 2625 om.
291 2560 331 2627 Or
340 2561 385 2639 Μ,
407 2580 438 2642 p.
459 2561 511 2638 28,
530 2561 550 2625 8
569 2561 703 2646 quiaque
727 2565 756 2623 et
776 2560 929 2623 mensium
947 2577 1009 2623 om.
1029 2557 1125 2640 eru)
1148 2559 1337 2641 easdemque

206 2665 400 2748 corruptelas
428 2666 524 2730 tradit
546 2665 651 2752 (uolut
671 2685 702 2748 p.
727 2667 780 2743 20,
805 2666 844 2728 11
867 2665 903 2728 in
925 2660 1033 2751 lorum]
1056 2664 1091 2727 io
1112 2663 1220 2742 1111111,
1245 2666 1296 2739 11,
1316 2665 1336 2727 4

204 2768 415 2858 descriptione]
440 2771 649 2851 discreptione,
671 2771 700 2849 7,
720 2773 740 2835 6
760 2765 952 2855 Hellanicus]
971 2767 1156 2853 laelloousus,
1176 2771 1229 2847 23,
1252 2772 1267 2833 l
1289 2789 1336 2832 re·

201 2873 321 2963 pinum]
348 2896 476 2957 raporum
508 2879 541 2940 et
570 2877 673 2940 multa
704 2873 789 2960 alia).
826 2880 859 2940 at
889 2878 998 2940 neuter
1025 2893 1061 2938 er
1088 2875 1185 2939 altero
1208 2874 1336 2939 fluxisse

206 2979 290 3045 credi
315 2983 436 3062 potest:
467 2982 503 3046 M
525 2980 607 3046 enirn
630 2982 774 3066 pluribus
798 2981 918 3046 mendis
940 2981 1071 3057 laborat,
1096 2979 1135 3046 Or
1157 2999 1232 3046 uero
1254 2983 1337 3044 teste

206 3085 313 3152 Paolio
346 3087 499 3152 recentior
525 3090 588 3165 est3
622 3106 695 3172 ergo
722 3085 834 3152 tertius
857 3086 989 3169 quidam
1016 3085 1110 3152 codex
1136 3085 1219 3162 inter
1240 3085 1281 3149 L³
1305 3088 1336 3150 et

205 3189 283 3256 MCr
304 3191 519 3256 intercessisse
542 3191 675 3256 uidetur.
729 3275 732 3279 ‚

250 3321 455 3404 Reliquorum
487 3322 632 3388 codicum
667 3323 887 3388 lacunosomm
925 3341 1114 3404 quamquam
1145 3322 1338 3403 paucissima

208 3428 380 3511 specimina
410 3431 534 3510 praesto
567 3431 651 3508 sunt,
674 3431 778 3494 tamen
807 3428 977 3504 sufficiunt,
1002 3431 1039 3491 ut
1064 3428 1188 3493 codices
1212 3447 1336 3511 quoque

207 3530 520 3597 Chelteuhamensom
544 3533 641 3612 9401,
668 3533 871 3598 Harloianum
898 3533 996 3610 3699,
1023 3532 1170 3597 laurent.
1192 3516 1294 3597 LXVI
1316 3536 1336 3598 3

120 3635 123 3640 ’
207 3637 292 3715 etl,
316 3638 407 3705 Laut.
432 3637 462 3703 S.
488 3637 676 3704 Crucianum
694 3638 818 3715 ΧΙΧ4,
841 3619 1103 3722 11111111111111.
1128 3638 1337 3704 Faesulanum

209 3744 271 3809 164
301 3743 346 3808 eis
371 3743 621 3823 adnumeremus,
646 3744 700 3827 qui
723 3763 741 3808 a
762 3743 803 3808 Lo
825 3744 970 3827 pendent.
1002 3744 1034 3808 in
1058 3742 1098 3809 Cr
1120 3743 1202 3809 enim
1225 3764 1336 3810 nomeu

207 3849 436 3932 Acgyptiaoum
463 3848 700 3929 Mifiroorttuais
727 3850 757 3913 in
787 3848 1028 3932 mifrdootleusis
1050 3854 1231 3932 corruptum
1254 3851 1337 3935 apud

208 3953 520 4020 Cheltonhnmensom
538 3954 655 4039 legitur
671 3955 911 4033 mordeatlmsis,
931 3955 1012 4037 apud
1030 3956 1066 4020 M
1085 3960 1118 4021 et
1134 3957 1338 4022 Harleiannm

208 4060 294 4124 3699
317 4059 571 4145 rnysidcatlmeis.
594 4080 625 4142 p.
650 4061 702 4138 71,
727 4065 746 4126 5
769 4079 843 4126 nero
868 4080 975 4127 omues
998 4062 1030 4126 lri
1053 4061 1182 4128 consoni
1205 4063 1338 4128 10111-

208 4165 295 4230 densi
318 4166 397 4230 libro
422 4165 555 4249 aliisque
579 4165 671 4231 stab
696 4166 832 4231 editione
855 4167 992 4250 principe
1011 4166 1178 4232 discedunt
1195 4189 1216 4231 α
1234 4169 1339 4249 templi
