3036 4756
202 301 277 367 XVI
661 301 879 359 Praefatio.

203 512 282 576 pree
307 492 454 558 decentor
474 515 497 559 o
517 513 566 558 me
592 494 742 559 resultare
768 495 911 573 cessati&
933 496 1088 563 dissecuit
1112 497 1212 583 igitur
1242 500 1340 566 uerba

203 599 236 663 in
266 599 353 667 fonte
381 617 439 666 sno
466 599 624 665 artissime
652 600 851 666 cohaerentia
877 601 961 667 haud
987 607 1072 669 recte
1098 604 1255 683 librarius,
1283 605 1337 689 qui

203 704 339 789 qnidam,
350 724 423 772 cnm
438 723 546 770 omnes
559 704 657 770 libros
672 705 754 771 idem
771 725 855 772 error
867 707 1037 790 irrepserit,
1048 709 1209 793 archetypi
1224 713 1339 776 auctor

202 811 362 877 habendus
407 813 465 876 est.
506 831 537 894 p.
579 811 632 888 42,
675 813 716 876 16
757 811 800 875 ael
834 812 992 878 autorem
1031 833 1139 881 omnes
1175 816 1339 898 proterunt

201 916 286 998 libri,
316 916 398 982 unde
431 915 528 980 edicit
559 920 662 981 eoem
692 935 729 981 ex
761 915 889 982 Graecis
919 921 971 981 rat
1003 922 1220 1006 προςεπιτιθησι
1250 920 1337 985 iacili

203 1022 328 1108 negotio
355 1022 515 1087 restitues.
554 1021 652 1087 simili
687 1022 780 1087 modo
816 1023 914 1088 uerba
949 1023 1096 1089 continue
1133 1025 1251 1108 scripta
1285 1046 1337 1110 pa-

203 1148 273 1194 rum
302 1131 388 1195 reete
415 1146 434 1193 a
459 1127 586 1193 librario
612 1127 663 1193 his
690 1128 770 1193 locis
798 1128 936 1194 dissecta
972 1132 1061 1195 sunt:
1099 1131 1152 1209 29,
1189 1133 1208 1196 9
1245 1132 1337 1196 sicuti

203 1230 318 1321 Moses]
346 1233 439 1298 emoti
464 1252 531 1297 mos
557 1236 618 1310 est;
648 1235 702 1312 53,
733 1235 771 1298 11
794 1234 929 1315 poinde
955 1230 996 1322 is]
1014 1254 1077 1315 pro
1099 1235 1214 1314 iudeis
1238 1238 1335 1316 94,2

203 1340 371 1422 quartario
391 1333 444 1426 sit]
468 1342 587 1418 quonia
607 1339 715 1416 iussit·
738 1341 812 1417 101,
835 1341 855 1404 6
877 1339 1041 1404 emerere
1064 1340 1191 1425 cermel
1207 1341 1337 1406 subdiac

203 1449 356 1529 repentem
383 1445 457 1522 120,
484 1445 524 1509 14
545 1444 643 1525 predi
669 1448 772 1508 tamea
796 1442 924 1532 secreta]
950 1445 1083 1526 prodite
1112 1465 1199 1510 meos
1228 1435 1338 1523 marai

206 1547 279 1629 121,
302 1550 323 1614 6
344 1547 485 1613 habenda
505 1545 654 1634 rapuerit]
676 1546 832 1612 haberdas
853 1547 1002 1614 hotaoit.
1026 1549 1098 1614 aliis
1115 1549 1194 1615 locis
1212 1551 1336 1617 litteras

204 1655 257 1720 nel
279 1673 374 1720 noces
397 1653 480 1718 inter
502 1671 536 1717 se
559 1651 755 1736 transposuit
772 1651 932 1737 archetypi
954 1653 1101 1719 librarius
1123 1655 1213 1720 uelut
1231 1656 1335 1737 p..99,

206 1761 247 1825 10
273 1753 464 1845 Polycrates]
485 1757 665 1839 pilocrotis;
688 1757 761 1836 108,
786 1758 828 1823 13
850 1779 871 1822 a
894 1755 998 1846 Mino]
1021 1759 1142 1836 aalma
1165 1762 1239 1839 180,
1259 1761 1279 1826 8
1301 1761 1337 1847 irs

203 1865 255 1930 dei
275 1868 423 1929 notorem
445 1867 475 1929 et
483 1860 633 1952 somnam]
652 1867 682 1928 et
690 1863 831 1947 saraam
848 1865 884 1930 io
901 1864 951 1930 dei
966 1868 1124 1944 naturam,
1143 1866 1196 1930 nel
1214 1866 1335 1932 similes

205 1989 299 2036 uoces
321 1957 404 2035 inter
425 1987 460 2035 se
483 1969 536 2034 nal
557 1969 689 2034 rariores
711 1987 785 2035 enm
807 1969 935 2036 usitatis
953 1970 1157 2054 permutauit,
1175 1975 1213 2035 nt
1229 1991 1260 2056 p.
1279 1973 1335 2051 43,

205 2076 225 2140 8
246 2071 364 2163 iuqero]
387 2075 524 2155 ioteoro;
547 2075 621 2149 130,
646 2075 687 2138 12
709 2071 928 2161 omoeusios]
950 2074 1193 2153 edrersatorios;
1215 2076 1268 2155 98,
1294 2078 1334 2142 18

206 2182 247 2246 19
261 2179 426 2265 sartores]
439 2180 600 2264 sactoros;
628 2181 701 2259 111,
732 2180 774 2244 14
800 2176 915 2268 diaeta]
942 2181 1042 2257 diete;
1076 2181 1150 2260 134,
1184 2183 1223 2248 11
1256 2182 1336 2264 ipori-

205 2283 281 2375 tum]
321 2287 476 2369 lyncium
517 2286 590 2364 129,
621 2283 754 2369 lisceto
784 2281 973 2373 constrictos]
1004 2284 1104 2367 foetos
1134 2286 1337 2368 mahalom

206 2392 325 2466 4313
346 2388 508 2479 Hecatae]
532 2393 561 2456 et
582 2390 625 2453 ad
647 2389 723 2454 eius.
750 2389 812 2456 alia
838 2389 949 2456 deinde
977 2388 1090 2456 menda
1116 2409 1153 2456 ex
1179 2391 1336 2457 erroribus

205 2503 242 2564 ut
276 2499 323 2590 ita
357 2497 459 2563 (licam
495 2495 678 2580 syntecticis
714 2496 768 2560 nel
804 2495 1013 2561 somnolentia
1042 2495 1162 2560 librarii
1196 2496 1338 2579 proiecte

205 2622 276 2671 esse
306 2601 449 2669 habenda
480 2605 563 2679 sunt,
596 2601 624 2666 si
661 2600 794 2684 exempli
830 2600 931 2684 gratia
968 2603 1026 2680 40,
1064 2601 1084 2665 8
1119 2600 1229 2666 iudaei
1263 2620 1336 2668 enm

76 2716 78 2720 ’
205 2729 344 2774 mrrens
375 2707 567 2793 cogitatione
597 2705 731 2791 iungens
765 2706 825 2771 hoc
867 2706 899 2770 in
930 2711 1065 2771 remant
1104 2706 1252 2785 mutauit,
1284 2708 1339 2774 nel

207 2835 237 2899 p.
271 2816 324 2895 76,
356 2816 376 2880 5
412 2812 570 2894 prioritate
608 2812 675 2877 eois
714 2831 771 2895 pro
806 2811 969 2892 prioribus
1008 2811 1061 2876 sai
1100 2811 1236 2895 scripsit.
1262 2813 1338 2879 alibi

206 2921 312 2987 uerbis
334 2939 445 3005 peram
467 2923 551 2985 recte
573 2917 729 3002 copulatis
752 2935 846 2983 casus
869 2917 1041 2983 sententiae
1060 2917 1198 2983 auctoris
1217 2922 1338 2985 contra-

206 3025 270 3092 rios
300 3025 409 3110 posuit
440 3024 530 3090 ualnt
555 3042 586 3106 p.
617 3025 689 3102 115,
718 3024 738 3088 6
766 3023 974 3100 sacedotum
997 3024 1050 3100 77,
1080 3023 1121 3088 13
1142 3023 1339 3104 inpudentia

207 3133 261 3210 74,
285 3132 326 3197 17
349 3127 474 3211 tempo
497 3128 571 3206 129,
601 3129 641 3193 18
664 3127 829 3192 maestricti.
853 3145 947 3210 saepe
970 3127 1172 3212 neglegenter
1194 3128 1336 3213 singulas

205 3237 329 3304 litteras
350 3233 489 3313 iteranit,
511 3233 566 3299 nel
587 3232 781 3318 geminarum
805 3234 935 3297 alteram
958 3231 1076 3298 omisit
1098 3231 1236 3316 legimus
1255 3233 1338 3299 enim

206 3365 239 3429 p.
271 3344 324 3422 57,
358 3344 400 3408 14
431 3339 577 3407 omnibns
604 3338 637 3404 in
664 3337 752 3403 libris
780 3337 855 3422 qaia
881 3337 968 3418 apoc
987 3357 1043 3421 pro
1066 3337 1120 3423 poi
1140 3339 1238 3419 epod,
1264 3339 1338 3418 126,

209 3451 249 3515 11
272 3447 405 3533 amotis
425 3444 612 3512 soheronodo
633 3463 689 3528 pro
712 3443 828 3525 eteocle·
848 3442 1035 3508 edomorodo
1057 3445 1091 3508 et
1111 3443 1205 3526 paulo
1227 3447 1340 3527 postea

209 3553 305 3619 motis
335 3552 390 3618 oeci
419 3569 475 3634 pro
507 3549 589 3614 aori
613 3547 677 3624 cea,
705 3551 814 3615 contre
841 3548 915 3628 130,
944 3550 985 3615 10
1011 3548 1138 3613 ciuitate
1162 3547 1339 3631 eomflaare

209 3679 265 3744 pro
296 3659 439 3724 nataae
468 3654 657 3736 sacrificare,
688 3655 742 3734 60,
774 3655 793 3720 7
824 3655 855 3719 si
884 3653 1154 3736 reimmittofflre
1185 3644 1241 3739 pro
1271 3654 1340 3719 siae

209 3761 489 3840 moritoniae,
523 3760 597 3852 186,
630 3760 671 3825 16
698 3759 821 3844 quidem
845 3779 922 3824 aum
947 3753 1003 3843 pr'o
1030 3759 1154 3840 poldon
1179 3760 1360 3835 danorum,

212 3874 286 3952 101,
315 3873 331 3936 l
352 3867 494 3954 sentitus
519 3872 568 3946 (ex
593 3865 728 3932 aeon
749 3868 865 3948 omum)
886 3886 943 3949 pro
965 3865 1196 3948 sustinentibus,
1221 3867 1295 3944 141,
1319 3866 1337 3930 7

210 3975 355 4059 (71οοί0071
375 3993 448 4040 aero
469 3991 525 4057 pro
548 3971 694 4054 discipali
714 3972 744 4038 si
764 3992 847 4050 aero,
872 3975 924 4052 62,
949 3957 989 4038 17
1013 3976 1042 4037 et
1063 3972 1138 4058 qaia
1162 3970 1270 4053 pelam
1295 3973 1341 4036 eet

210 4081 286 4163 quia
306 4099 362 4164 pro
385 4083 415 4145 et
429 4077 541 4161 polam
563 4083 610 4144 eet
631 4079 715 4164 quia.

251 4185 404 4252 ‘Eiusdem
426 4184 492 4251 iere
514 4187 565 4252 est
585 4185 801 4270 neglegentiae
824 4184 852 4252 si
873 4203 984 4253 nocem
1010 4184 1105 4252 moio
1133 4183 1251 4252 dictam
1278 4182 1340 4248 alia
