3036 4756
439 290 583 347 Contra
609 289 792 360 Apiouem
814 289 850 355 II,
869 289 974 346 64-69
994 288 1037 356 (V.
1055 289 1103 357 vl)
1289 293 1330 358 87

206 489 418 560 semaucrnnt,
446 485 479 549 id
508 487 557 549 est
587 484 726 549 fluminis
758 483 935 548 custodiam
967 483 1128 567 totiusque
1161 483 1331 560 custodiae,

203 613 397 677 nequaquam
420 593 470 657 his
492 591 586 656 nebus
608 591 753 675 indignos
777 609 846 656 esse
869 590 1053 655 iudicantes.

247 700 302 763 Vl.
325 699 385 764 Sed
412 696 620 780 superhaec,
648 696 804 779 quomodo
832 715 916 780 ergo,
943 695 1058 778 inquit,
1081 695 1108 778 si
1137 697 1211 761 suut
1234 695 1330 778 ciues,
1342 693 1383 757 65

205 805 330 871 eosdem
358 804 443 881 deos,
470 821 548 887 quos
575 801 784 880 Alexandrini,
807 820 867 867 non
899 801 1027 866 colunt?
1060 801 1112 866 cui
1141 801 1331 886 respondeo:

171 910 360 994 aquomodo
398 910 500 984 ctiam,
537 927 610 973 cum
646 927 704 974 uos
742 906 812 973 sitis
848 907 1006 991 Aegyptii,
1041 907 1124 972 inter
1164 906 1331 973 alterutros

202 1017 321 1100 proelio
353 1035 466 1103 magno
500 1019 532 1081 et
563 1015 631 1080 sine
662 1014 787 1080 foedere
817 1013 855 1078 dc
877 1013 1028 1097 religione
1056 1013 1265 1096 contenditis?
1293 1010 1383 1078 antid

204 1127 287 1188 certe
314 1114 484 1229 propterap
503 1141 562 1186 non
591 1139 649 1186 uos
677 1139 784 1185 omnes
812 1119 1148 1204 dicimus'Aegyptios
1177 1122 1209 1183 et
1230 1137 1331 1202 neque

204 1227 412 1294 communiter
442 1227 597 1303 homines,
630 1225 777 1307 quoniam
809 1224 926 1289 bestias
965 1224 1167 1290 aduersantcs
1203 1226 1331 1289 naturae

203 1338 328 1399 nostrae
356 1333 461 1398 colitis
489 1296 590 1396 multa
612 1331 775 1416 diligentia
796 1330 982 1407 nutiicntes,
1006 1349 1076 1395 cum
1101 1348 1200 1415 genus
1222 1330 1330 1412 utique

160 1463 185 1504 n
201 1443 379 1505 nostrorum
416 1458 512 1503 unum
547 1438 654 1518 itaque
690 1436 773 1501 idem
805 1454 874 1501 csse
905 1436 1070 1502 uideatur?
1101 1436 1129 1501 si
1161 1438 1266 1500 autem
1298 1435 1329 1498 in
1342 1434 1382 1498 67

202 1545 295 1610 uobis
323 1544 489 1628 Aegyptiis
516 1547 621 1609 tantae
650 1543 841 1608 differentiae
865 1542 1045 1626 opinionum
1068 1545 1152 1620 sunt,
1176 1541 1251 1623 quid
1273 1541 1330 1606 mi·

203 1652 281 1716 raris
314 1669 409 1734 super
440 1648 500 1728 his,
533 1649 588 1730 qui
615 1648 740 1714 aliunde
768 1649 798 1712 in
827 1647 1044 1712 Alexandriam
1072 1647 1273 1723 aduencnunt,
1303 1647 1331 1712 si

201 1757 233 1821 in
256 1756 381 1840 legibus
405 1776 423 1820 a
444 1754 596 1838 pn’ncipio
626 1755 790 1820 constituti
817 1754 897 1819 cinca
920 1754 997 1818 talia
1018 1755 1275 1836 permanserunt?
1302 1753 1329 1817 is
1340 1751 1382 1815 68

176 1866 308 1927 autem
344 1862 441 1933 etiam
477 1860 641 1926 seditionis
674 1880 785 1926 causas
816 1858 907 1925 nobis
940 1859 1081 1944 apponit:
1114 1859 1168 1942 qui
1199 1859 1227 1924 si
1258 1878 1330 1924 cum

157 1968 334 2033 seueritate
366 1967 406 2033 cb
440 1967 499 2033 hcc
531 1952 659 2032 accusat
688 1967 821 2032 Iudaeos
853 1967 884 2030 in
915 1966 1099 2031 Alexandria
1130 1965 1330 2043 constitutos,

202 2093 257 2139 cur
294 2092 401 2140 omnes
439 2092 495 2138 nos
533 2074 640 2155 culpat
670 2073 787 2156 ubique
818 2073 950 2155 positos,
983 2092 1018 2137 eo
1051 2071 1134 2154 quod
1166 2090 1331 2137 noscamur

201 2179 314 2243 habere
342 2178 561 2244 concordiam?
592 2197 682 2260 ponno
711 2178 804 2243 etiam
834 2177 996 2243 seditionis
1024 2181 1167 2243 auctores
1197 2177 1331 2260 quilibet
1341 2178 1382 2242 69

200 2283 341 2348 inueniet
367 2283 497 2365 Apionis
526 2283 645 2359 similes
673 2283 950 2349 Alexandrinorum
978 2283 1076 2348 fnisse
1104 2283 1200 2348 ciues.
1233 2284 1330 2349 donec

202 2390 284 2456 enim
310 2388 421 2455 Gracci
443 2390 572 2455 fuciunt
594 2392 627 2454 ct
648 2389 835 2455 Macedones
858 2389 938 2455 hanc
961 2389 1145 2456 ciuilitatcm
1169 2389 1330 2464 habentes,

157 2521 184 2562 ao
201 2495 322 2559 nnllam
363 2494 551 2560 seditionem
591 2495 742 2560 aduersus
783 2514 839 2561 nos
881 2498 1055 2578 gesserunt,
1097 2495 1153 2560 sed
1193 2495 1330 2579 antiquis

202 2619 323 2666 cessere
360 2600 640 2676 sollemnitatibus3
678 2620 751 2666 cum
786 2621 861 2666 uero
897 2601 1067 2666 multitudo
1104 2601 1330 2686 Acgyptiorum

201 2704 356 2770 creuisset
381 2706 463 2770 inter
489 2724 542 2771 eos
573 2710 700 2790 propter
722 2707 921 2772 confusiones
943 2710 1129 2790 temporum,
1154 2707 1248 2771 etiam
1270 2706 1331 2771 hoc

201 2829 281 2892 opus
317 2829 441 2893 semper
475 2813 525 2876 est
559 2811 711 2891 additum,
748 2817 889 2878 nostrum
925 2832 999 2878 uero
1032 2831 1130 2897 genus
1160 2812 1332 2895 permansit

289 3060 368 3126 LBR,
388 3060 440 3126 ΟΡ,
459 3077 483 3119 c.
503 3093 537 3102 -

238 3237 249 3289 l
260 3233 409 3304 custodiae]
415 3234 526 3289 librasti
531 3251 621 3290 errore
623 3252 678 3305 pro
683 3237 969 3307 prouinciaea'leratam
976 3253 1030 3292 use
1035 3240 1173 3309 capaciter
1178 3241 1332 3296 contNieaa

201 3321 385 3392 3haec]hooc
421 3322 659 3378 dalexandninisP
692 3325 1108 3399 5s}itis(araaaestclittara)B
1144 3330 1330 3400 luos]quosB

201 3411 218 3463 9
236 3409 354 3480 nostrae]
373 3425 424 3465 om.
442 3412 487 3467 Rc
543 3412 575 3465 10
593 3412 863 3483 nostrorum-idem]
877 3417 997 3469 nostrum
1011 3418 1184 3486 uestrumque
1198 3416 1269 3472 idem
1283 3418 1332 3474 GP

236 3498 340 3567 itaque]
359 3498 435 3568 itque
453 3498 480 3553 L
498 3503 579 3571 atque
597 3500 638 3555 ad.
661 3501 750 3556 Vencl.
770 3504 842 3555 1510
859 3500 940 3571 idque
959 3503 1063 3558 casido
1127 3506 1160 3559 12
1179 3506 1260 3575 siin]
1279 3506 1330 3561 sim
1384 3568 1387 3573 ,

201 3584 255 3639 LB
272 3587 314 3641 sin
334 3601 350 3642 ο
406 3588 439 3641 13
457 3588 497 3658 in]
514 3604 565 3643 om.
584 3589 683 3644 Sobiuc
701 3589 741 3644 ed.
759 3587 906 3644 0011524
977 3590 1141 3662 principibus
1155 3597 1212 3646 loa.
1227 3593 1260 3658 P,
1273 3593 1331 3662 ipse

202 3674 326 3729 olitterc
339 3677 567 3745 superscriptam
580 3678 711 3747 principio
726 3694 794 3733 corr.
844 3678 999 3733 constitutis
1009 3695 1033 3744 e,
1044 3680 1147 3750 probat
1161 3680 1241 3735 Nisae
1292 3683 1328 3752 is}

201 3762 244 3816 his
261 3762 290 3818 B
359 3765 391 3818 14
410 3765 503 3834 etiam]
522 3780 609 3822 om.c
677 3767 710 3821 16
727 3783 776 3820 nos
795 3766 886 3836 culpat
903 3766 1002 3836 ubique
1021 3768 1134 3839 positos]
1152 3785 1204 3874 non
1223 3771 1329 3840 culpare

201 3877 288 3947 possit
306 3877 406 3933 Setiae
423 3881 454 3933 a'a
472 3880 511 3935 ed.
529 3879 677 3936 0011524
746 3885 839 3954 culpat
852 3881 962 3954 ubique]
976 3885 1138 3955 culpatuqnc
1152 3887 1247 3957 (mque
1260 3903 1325 3942 corr.

201 3964 250 4033 B2)
270 3965 352 4020 LBR
370 3969 559 4073 culpariquee
631 3970 743 4040 positos]
763 3987 814 4027 om.
832 3972 859 4026 P
927 3980 1033 4027 noscam
1051 3971 1105 4026 LB
1167 3973 1200 4027 18
1219 3975 1328 4045 apiones

202 4081 273 4136 codd
290 4097 307 4138 e
325 4083 434 4153 apione·
453 4100 521 4139 corr.
540 4084 579 4138 L²
597 4085 686 4156 apicui
705 4086 740 4140 u.
762 4085 871 4141 Goullet
889 4087 929 4142 ad.
949 4087 1041 4142 Porta.
1059 4089 1131 4142 1514
1212 4089 1244 4144 19
1263 4090 1329 4144 ciui·

202 4173 288 4225 tatem
309 4170 438 4227 &alonim
456 4178 524 4228 reela
537 4179 607 4243 puto
660 4175 695 4229 22
713 4174 909 4230 contunsionem
925 4175 954 4232 R
1007 4176 1040 4231 23
1059 4175 1163 4231 aditum
1181 4176 1209 4231 P
