3036 4756
507 940 912 1065 uersurum.

170 1335 272 1424 ‚Cum
307 1335 411 1401 Flauii
446 1334 573 1419 Iosephi
609 1354 737 1420 operum
773 1337 950 1402 uersionem
989 1337 1160 1421 antiquam,
1196 1357 1276 1422 quae

147 1441 245 1526 uulgo
268 1440 380 1507 Rufino
402 1439 598 1524 Aquileiensi
623 1441 783 1520 tribuitur,
805 1442 976 1509 Academia
1001 1442 1178 1509 litterarum
1201 1443 1276 1510 an-

147 1566 235 1613 sarea
256 1546 507 1613 vindobonensis
529 1547 611 1613 inter
632 1547 800 1632 scriptores
822 1547 1053 1614 ecclesiasticos
1074 1547 1202 1614 Latinos
1225 1549 1276 1614 edi

147 1652 304 1732 iussisset,
323 1653 460 1738 primum
482 1653 610 1736 quidem
634 1653 882 1719 Benedictus
905 1653 1023 1719 Niese
1042 1656 1164 1738 praeter
1182 1652 1276 1720 (irae-

147 1777 218 1823 cum
241 1761 362 1823 textum
384 1752 609 1824 recensendum
631 1759 690 1825 hac
713 1779 838 1843 quoque
862 1778 955 1844 opera
972 1763 1099 1825 strenue
1118 1762 1275 1844 suscepta,

46 1848 53 1861 ”
147 1864 223 1928 dum
254 1868 326 1930 ante
357 1863 494 1948 quinque
524 1865 627 1957 lustra
654 1864 686 1930 in
712 1864 913 1930 bibliothecis
940 1864 1066 1930 Italicis·
1086 1867 1119 1930 et
1145 1863 1276 1931 Gallicis

148 1968 277 2036 Graecis
303 1969 431 2054 Iosephi
456 1970 547 2036 libris
573 1970 795 2055 manuscriptis
826 1969 965 2050 incubat,
991 1971 1120 2036 Latinos
1152 1989 1276 2056 quoque

146 2076 243 2142 libros
265 2076 404 2161 potiores
427 2079 483 2141 aut
504 2076 658 2160 excerpsit
680 2079 736 2141 aut
757 2076 896 2142 excussit
917 2080 950 2142 et
970 2080 1081 2160 postea
1108 2075 1277 2143 editionem

148 2181 300 2249 Graecam
339 2199 453 2265 parans
494 2181 591 2247 simul
630 2181 663 2247 in
699 2185 820 2247 textum
856 2182 1003 2248 Latinum
1039 2182 1275 2249 examinandum

147 2289 286 2352 multum
322 2286 465 2352 studium
501 2287 644 2354 contulit
683 2287 793 2353 deinde
829 2291 935 2353 autem
968 2306 1039 2353 cum
1071 2287 1125 2353 ille
1157 2288 1277 2355 diutim

149 2411 244 2476 quam
273 2392 378 2458 uoluit
405 2390 596 2458 Graecorum
626 2392 776 2458 librorum
807 2393 987 2459 recensione
1018 2395 1186 2471 teneretur,
1218 2412 1276 2478 ego

149 2516 224 2563 uero
259 2496 291 2562 in
330 2497 421 2563 libris
441 2568 443 2571 ,
461 2498 683 2581 manuscriptis
723 2497 889 2584 praecipue
923 2497 1044 2564 Latinis
1085 2497 1277 2564 excutiendis

150 2601 319 2687 Gottingae
338 2606 371 2668 et
387 2603 549 2688 Maxpurgi
567 2604 685 2670 sodalis
704 2604 733 2669 ei
751 2604 927 2670 extitissem
945 2603 1111 2687 studiaque
1129 2598 1279 2672 Flauiano

149 2707 354 2790 adamassem,
382 2708 469 2772 mihi
507 2727 579 2774 cum
614 2710 713 2776 amice
748 2710 916 2794 persuasit,
952 2712 989 2774 ut
1024 2710 1063 2775 ad
1102 2710 1279 2802 ueraionem

149 2812 292 2879 latinam
315 2814 464 2880 edendam
487 2814 556 2897 ipse
578 2816 768 2895 accederem,
790 2819 859 2881 tum
881 2816 1033 2882 beneuole
1055 2800 1221 2894 concessit,
1241 2819 1280 2881 nt

151 2922 301 3002 apparatu
324 2919 386 2985 iam
410 2920 541 2987 collecto
564 2921 661 2988 libere
685 2927 796 2991 uterer.

166 3101 170 3107 ,
194 3023 299 3089 Huius
330 3025 476 3092 editionis
508 3045 590 3092 uunc
619 3027 752 3110 primam
783 3027 910 3110 quidem
941 3026 1126 3112 particulam
1153 3025 1280 3111 Iosephi

148 3127 300 3194 librorum
336 3130 469 3197 duorum
505 3134 613 3197 contra
641 3133 795 3217 Apionem
829 3133 1007 3199 uersionem
1042 3122 1278 3198 cassiodorean'r

151 3233 361 3301 continentem
382 3237 503 3319 publici
523 3238 601 3303 iuris
623 3238 714 3304 lucio.
738 3239 851 3322 quodsi
877 3239 978 3304 totius
1001 3237 1104 3321 operis
1130 3236 1279 3303 uolumen

152 3342 275 3404 sextum
305 3334 415 3424 primo
436 3342 506 3409 loco
538 3341 632 3422 edidi,
663 3362 724 3408 non
753 3344 857 3410 solum
883 3351 1048 3427 propterea
1073 3342 1193 3408 lactmn
1219 3344 1278 3419 est,
1333 3403 1335 3407 ,

152 3445 237 3525 quod
262 3444 357 3512 nimis
384 3447 517 3524 difficile
539 3452 606 3514 erat
631 3449 720 3515 breui
742 3452 882 3532 tempore
905 3450 1051 3515 codicum
1073 3446 1279 3532 Antiquitatis

151 3549 296 3615 Iudaicae
306 3550 370 3618 lere
385 3552 591 3620 ducentorum
604 3553 775 3640 specimina
788 3554 948 3640 colligere,
964 3553 1130 3620 sedetiam
1145 3571 1181 3619 eo
1196 3552 1279 3636 quod

151 3653 280 3720 libellus
308 3656 346 3723 de
373 3662 533 3725 uetustate
560 3660 747 3726 Iudaeorum
773 3660 910 3743 pessime
936 3659 1071 3726 maditus
1094 3662 1127 3725 et
1147 3657 1280 3724 marium
1325 3687 1329 3694 ·

153 3763 218 3826 arto
240 3762 350 3829 critica
370 3763 510 3849 indigere
533 3770 566 3832 ct
586 3770 712 3853 propter
733 3766 909 3852 argumenti
935 3764 1174 3832 delectationem
1200 3762 1282 3829 desi·

153 3865 254 3932 derasi
274 3868 449 3936 uidebatur.
472 3874 595 3939 accedit
616 3874 701 3958 quod
723 3874 763 3940 ad
784 3873 880 3939 uerba
901 3871 1027 3956 Iosephi
1050 3869 1170 3950 Graeca
1191 3868 1281 3934 resti·

152 3971 270 4037 tuenda
304 3974 336 4039 in
372 3976 462 4044 libris
493 3978 642 4065 Apioneis
676 3979 843 4065 praecipua
878 3980 928 4045 est
961 3974 1117 4042 uersionis
1152 3972 1280 4039 Latinae

155 4079 287 4159 utilitas,
310 4100 389 4164 quae
412 4084 539 4169 quidem
561 4086 629 4152 sola
649 4085 723 4152 libri
749 4085 879 4153 secundi
896 4086 1016 4168 partem
1035 4080 1119 4148 haud
1137 4077 1281 4163 exiguam

1229 4196 1246 4234 Ι

181 4231 292 4281 mvii.
306 4229 416 4280 implius
428 4239 481 4281 pars
494 4228 516 4270 o.
