3036 4756
184 349 259 415 VIII
638 351 854 409 Praefatio.

313 545 348 606 ut
370 540 497 624 Moyses
517 543 645 624 scripsit
666 543 743 609 deae
764 546 869 610 omorio
891 547 1039 632 quoncodo
1060 547 1154 630 deicit

307 654 381 730 post
402 648 601 734 cartiprorum
621 650 721 715 tritam
743 671 843 716 mores
861 652 1046 734 penitorum.

310 753 361 818 hic
381 755 491 820 teodonis
512 760 580 820 erut
606 754 763 820 Christum
784 756 946 839 lectorque
967 757 1080 824 acutat

311 859 416 940 ipsum
437 865 658 926 consecrante
679 861 781 928 studet
803 869 832 928 et
854 863 983 928 madore
1004 863 1184 930 Iohooanem.

182 965 309 1050 supplet
332 965 558 1033 Canonicianus
586 968 730 1046 lacunam
767 967 935 1051 descripsit
967 989 1039 1036 eum
1075 973 1108 1036 et
1143 972 1313 1037 accuratis·

182 1071 261 1138 sime
284 1071 418 1138 contulit
438 1071 586 1138 hlfredae
610 1094 628 1138 a
650 1072 850 1140 Gutecbmid.

226 1179 279 1242 21.
301 1177 507 1243 Londinensis
525 1178 630 1244 Musei
643 1180 816 1253 Britannici
834 1180 1058 1247 Harleianns
1077 1182 1163 1247 3699
1181 1182 1236 1266 (cl.
1256 1181 1313 1249 Ca·

182 1283 309 1366 talogue
332 1283 368 1348 of
385 1283 440 1349 the
462 1283 609 1349 Harloian
632 1285 845 1369 manuscripts
867 1285 915 1351 Ill
933 1306 963 1370 p.
983 1284 1040 1372 53)
1057 1286 1312 1353 membranaceus

183 1407 209 1452 s.
241 1385 308 1452 XV¹
339 1387 593 1471 splendidissime
626 1390 763 1474 scriptus
795 1391 935 1456 continet
965 1391 1079 1475 uiginti
1104 1391 1313 1475 Antiquitatis

183 1492 329 1570 ludaicae
360 1493 459 1560 libros
491 1496 523 1560 et
553 1497 660 1560 contra
690 1496 844 1580 Apionem
880 1496 970 1561 duos.
1006 1496 1039 1561 in
1075 1494 1137 1560 fine
1167 1497 1315 1582 leguntur

183 1600 274 1666 haec:
297 1600 402 1668 Finis.
426 1601 520 1667 Anno
536 1602 648 1667 solutis
663 1601 818 1667 humanae
837 1600 1269 1668 M⁰ococ⁰txx⁰vm⁰
1283 1606 1314 1668 et

184 1703 220 1767 X
225 1703 345 1769 VIIII·
366 1708 482 1772 incasit
504 1707 586 1772 inicii
606 1706 661 1772 icoc
683 1706 909 1772 celetcirisnum
931 1727 1008 1790 opus
1029 1707 1187 1773 Florentio
1208 1728 1313 1772 conni-

181 1815 300 1875 motum
317 1816 370 1894 est,
390 1812 560 1878 dicantem
578 1811 706 1878 Veneria
726 1812 804 1878 liora
825 1833 899 1878 acro
916 1812 980 1877 diei
998 1810 1090 1877 XX⁸.
1114 1811 1201 1878 Mars
1218 1812 1315 1878 hoowr

182 1916 345 1997 irriperium
376 1922 405 1981 ot
431 1919 533 2002 plocio
560 1919 603 1983 sit
633 1919 834 2000 oortnipoicnii
859 1917 934 1983 Iesu
964 1917 1086 1983 Christo
1106 1939 1168 2005 per
1189 1917 1314 2003 infinita

183 2021 353 2087 seminum
373 2022 486 2088 sconia.
509 2044 609 2099 anien.
637 2023 783 2088 Omnium
804 2043 909 2088 rerum
930 2023 1111 2088 uicissitudo
1138 2028 1190 2088 est.
1221 2025 1315 2108 perti-

183 2128 254 2192 nuit
286 2128 443 2212 quondam
475 2129 514 2194 ad
544 2130 628 2215 regis
659 2129 834 2214 dragouiae
865 2128 1090 2195 bibliothecam
1122 2128 1162 2194 ct'.
1194 2129 1314 2195 Mazza-

183 2232 269 2298 tintii
291 2235 312 2299 l.
331 2233 352 2298 l.
371 2254 403 2316 p.
425 2235 498 2313 tol,
522 2235 694 2319 specimina
716 2239 822 2300 autem
849 2234 1025 2300 exscribens
1046 2252 1148 2318 pauca
1170 2234 1208 2299 de
1230 2234 1315 2302 lacu·

183 2339 232 2434 nis
269 2339 487 2442 tantummodo
519 2341 669 2407 librorum
704 2340 742 2406 de
774 2343 936 2407 uetustate
953 2339 1156 2406 ·Iudaeonnm
1193 2340 1315 2405 monuit

184 2443 314 2510 Carolus
338 2443 482 2512 Schenkl.

228 2553 280 2614 22.
303 2550 509 2616 londinensis
527 2551 632 2617 Musei
650 2552 821 2617 Britannici
844 2550 1066 2616 Harleianus
1085 2549 1313 2617 teto-4963.

184 2656 239 2741 (ci.
269 2655 346 2721 ibid.
378 2658 426 2723 ΙΙΙ
457 2659 535 2744 233)
567 2660 822 2725 membranaceus
850 2677 876 2723 s.
903 2656 969 2723 XV*
996 2657 1158 2739 splendide
1190 2657 1314 2722 ‘litteris

184 2761 344 2844 quadratis
375 2762 536 2828 Romanis‘
567 2767 710 2830 exaratus
742 2764 882 2830 continet
912 2763 1147 2845 Antiquitatum
1178 2764 1213 2827 ll.
1242 2763 1314 2836 XX,

184 2871 292 2932 contra
314 2867 466 2951 Apionem
489 2870 523 2934 ll.
546 2871 604 2950 ΠΙ,
628 2869 770 2936 debello
793 2868 921 2934 Iudaico
943 2869 978 2934 ll.
998 2867 1068 2935 VH.
1091 2868 1219 2951 plenum
1243 2887 1314 2932 eum

185 2992 255 3038 esse
274 2974 304 3038 in
323 2974 412 3040 libris
432 2979 540 3041 contra
552 2975 706 3059 Apionem
725 2994 798 3041 cum
819 2975 1001 3058 adnotasset
1020 2972 1151 3039 Carolus
1170 2972 1315 3051 Schenkl,
1338 3000 1341 3006 ·

183 3079 299 3145 litteris
322 3079 361 3145 ad
383 3080 569 3146 lldnardum
592 3080 692 3159 Scott,
716 3081 771 3164 qui
792 3079 881 3145 libris
904 3078 1126 3161 manuscriptis
1149 3078 1180 3143 in
1202 3078 1314 3145 Museo

184 3185 363 3251 Britannico
383 3185 582 3251 asseruandis
604 3189 739 3271 praeest,
762 3185 869 3251 missis
892 3183 1070 3268 impetrant,
1093 3186 1131 3248 ut
1156 3183 1316 3249 humanis·

185 3290 264 3355 sime
282 3290 400 3356 mihil
419 3290 455 3355 P.
476 3291 587 3358 Gilson
606 3291 655 3356 nir·
673 3291 785 3356 doctus
804 3290 1006 3373 eiusdemque
1023 3288 1127 3355 Musei
1150 3288 1317 3354 bibliothe-

185 3396 288 3461 carius
303 3397 473 3480 specimina
487 3417 523 3462 ex
538 3397 637 3462 initiis
652 3401 684 3462 et
696 3397 757 3462 fine
769 3397 922 3462 librorum
937 3397 1065 3479 sumpta
1078 3395 1315 3460 transmitteret.

230 3504 283 3568 23.
308 3501 656 3569 Cheltenhaineusis
679 3501 1316 3586 Pbillippicus9401membranaceus

186 3627 213 3673 s.
231 3605 297 3673 ΧΨ
314 3608 431 3673 formae
454 3610 630 3676 octonariae
653 3610 789 3693 scriptus
813 3608 953 3674 continet
973 3606 1070 3672 libros
1092 3609 1206 3672 'contra
1222 3605 1316 3688 Apio·
1372 3692 1381 3704 .

186 3732 257 3778 nem
278 3714 456 3782 lacunosos.
480 3713 535 3802 (of.
557 3716 598 3780 H.
623 3714 759 3781 Schenkl
781 3713 931 3800 Biblioth.
953 3717 1033 3797 patr.
1060 3712 1115 3777 lat.
1143 3711 1222 3776 Brit.
1245 3711 1271 3787 Ι,
1294 3713 1314 3775 2

185 3839 216 3903 p.
242 3820 329 3903 107).
353 3819 390 3885 de
412 3820 533 3886 lacunis
556 3820 665 3887 docuit
686 3840 737 3885 mo
760 3820 891 3887 Carolus
914 3818 1060 3885 Schenkl.
1109 3887 1111 3890 Α

143 3921 168 3989 C
232 3926 283 3991 24.
304 3925 653 3992 Obeltenhamensis
672 3924 1315 4017 Pbillippicus12311membranaceus

188 4051 213 4098 s.
229 4030 312 4096 ΧΙΠἰ
329 4030 432 4096 iudice
450 4030 586 4096 Henrico
606 4029 741 4097 Schenkl
752 4029 778 4114 ¹)
800 4030 831 4096 in
850 4031 926 4097 lolio
946 4030 1079 4094 marimo
1096 4027 1180 4093 binis
1199 4029 1315 4093 colunn-
1373 4030 1386 4036 '‘

231 4236 254 4309 ¹)
271 4236 300 4292 ol
323 4237 357 4292 tt.
377 4237 494 4293 Schenkl
511 4237 682 4293 Bibliotheca
697 4239 806 4308 patrum
824 4236 914 4292 Latin.
932 4235 1090 4292 Britannica
1106 4234 1129 4299 l,
1147 4235 1165 4290 2
1182 4251 1209 4306 p.
1229 4235 1280 4290 122
