3036 4756
620 306 835 362 Praefatio.
1228 306 1286 371 XV

159 508 268 588 utpote
305 523 323 568 a
358 502 483 568 librario
525 501 660 584 quodam
700 500 812 565 idoneo
854 504 885 565 et
926 499 1100 584 corrigendi
1145 499 1286 564 studioso

159 610 307 676 oriundis.
341 627 453 673 caueas
481 610 597 683 tamen,
625 625 663 671 ne
686 625 765 688 quae
789 606 851 669 dixi
875 607 913 670 de
936 606 1114 688 archetypis
1137 605 1286 670 classium

158 715 292 800 singulis
329 714 472 779 codicum
507 713 644 777 librariis
676 712 807 790 tribuas,
836 712 874 776 de
902 711 1018 795 quibus
1045 712 1125 776 infra
1148 710 1287 793 disputa-

157 824 247 887 turus
270 839 351 884 sum.

413 994 431 1075 ξ
456 995 486 1057 3.
510 991 563 1056 De
587 991 807 1074 archetypo
831 991 1030 1057 codicum.

201 1135 326 1207 Classes
358 1134 457 1217 igitur
492 1131 642 1196 librorum
679 1131 757 1195 duae
794 1131 918 1196 etiamsi
950 1131 1059 1195 multis
1095 1131 1175 1197 locis
1207 1130 1287 1195 inter

156 1261 190 1306 99
218 1240 363 1305 differant
390 1238 481 1302 modo
511 1237 562 1302 hic
589 1238 681 1302 modo
709 1237 774 1302 illic
806 1238 858 1302 nel
885 1256 993 1303 sanam
1021 1236 1206 1320 scripturam
1233 1237 1284 1324 uel

155 1350 333 1428 corruptam
365 1344 454 1410 nobis
487 1348 658 1418 seruantes,
690 1361 786 1426 paene
818 1343 986 1409 crebriores
1019 1346 1093 1408 suunt
1118 1342 1149 1407 in
1177 1343 1284 1408 lectio-

156 1452 247 1516 nibus
271 1449 518 1533 corruptissimis
542 1468 676 1514 consone
700 1434 833 1516 traditis.
857 1449 988 1513 redeunt
1007 1467 1079 1532 ergo
1098 1450 1285 1530 exemplaria

155 1556 258 1622 omnia
280 1556 319 1621 ad
342 1556 544 1638 archetypum
571 1555 701 1619 unicum
729 1553 883 1619 erroribus
910 1554 1109 1636 inquinatum
1137 1554 1284 1638 grauissi-

155 1662 226 1738 mis,
245 1664 282 1726 ut
299 1660 454 1733 interdum
474 1661 528 1723 uel
546 1679 581 1723 ex
601 1659 728 1724 Graecis
748 1659 976 1741 exemplaribus
994 1658 1149 1723 medelam
1168 1659 1283 1724 frustm

155 1767 340 1851 speraueris.
364 1769 458 1848 atque
480 1765 617 1848 primum
645 1764 771 1848 quidem
804 1766 948 1830 omnibus
980 1764 1011 1828 in
1043 1764 1131 1828 libris
1159 1767 1282 1846 perplu-

154 1874 243 1938 rimis
275 1873 354 1937 locis
386 1872 442 1936 tali
475 1871 567 1935 modo
599 1870 666 1935 hiat
697 1870 811 1946 oratio,
844 1876 880 1936 ut
920 1870 979 1935 soli
1015 1870 1133 1934 librarii
1165 1870 1281 1935 codicis

153 1978 314 2062 archetypi
350 1976 566 2060 neglegentiae
603 1981 634 2041 et
669 1976 806 2041 incuriae
838 1977 931 2059 culpa
961 1975 1058 2039 tribui
1088 1976 1199 2058 possit.
1235 1977 1282 2040 sic

153 2104 184 2166 p.
219 2086 291 2160 132,
325 2085 345 2147 6
378 2101 414 2147 ex
445 2100 525 2147 uoce
563 2088 701 2166 utroque,
742 2101 822 2164 quae
861 2101 944 2147 nunc
979 2099 1039 2145 non
1085 2081 1180 2146 habet
1219 2100 1281 2165 quo

153 2190 279 2267 referas,
302 2207 363 2253 non
387 2189 491 2253 solum
514 2187 552 2252 dc
575 2187 807 2271 peregrinorum
830 2189 1011 2271 expulsione
1039 2187 1094 2254 sed
1121 2189 1215 2253 otiam
1244 2187 1281 2252 de

152 2293 405 2359 Lacedaemoniis
432 2312 451 2356 a
477 2293 700 2377 peregrinando
727 2293 893 2375 prohibitis
920 2294 1013 2358 modo
1045 2294 1083 2358 ab
1115 2294 1281 2376 interprete

152 2398 273 2464 dictum
303 2399 403 2464 fuisse
435 2402 568 2464 constat.
608 2399 704 2464 simili
735 2399 828 2465 modo
860 2420 891 2483 p.
924 2401 977 2477 27,
1008 2402 1024 2464 l
1053 2399 1199 2463 Herculis
1225 2430 1293 2471 aa·

151 2523 182 2586 p.
207 2506 259 2582 37,
288 2506 304 2568 l
334 2505 415 2588 qccod
436 2541 481 2573 m
503 2505 736 2586 interprctatcr,
763 2526 793 2589 p.
822 2508 874 2581 53,
909 2508 949 2570 12
980 2506 1030 2569 bis
1061 2512 1130 2583 (non
1163 2505 1201 2567 91)
1232 2505 1281 2566 his

150 2611 278 2694 legitur)
309 2610 411 2694 itaque
438 2646 482 2678 aa·
509 2615 642 2690 rocetos,
665 2630 695 2692 p.
729 2613 781 2689 56,
811 2613 827 2675 l
856 2631 887 2694 p.
916 2612 968 2687 57,
999 2613 1029 2687 1,
1059 2613 1131 2689 104,
1161 2613 1191 2687 8,
1219 2611 1279 2674 nisi

150 2715 302 2797 quaedam
336 2714 488 2780 excidisse
520 2719 741 2794 statueremus,
779 2735 858 2799 quac
894 2717 988 2782 hodie
1023 2717 1053 2780 in
1091 2716 1279 2780 membranis

150 2824 255 2885 extant
290 2840 391 2903 neque
426 2820 569 2903 intellegi
605 2839 705 2902 noque
742 2821 897 2886 emendari
928 2824 1065 2902 possent.
1102 2820 1171 2884 aliis
1203 2839 1277 2885 uero

149 2925 228 2990 locis
255 2927 346 2990 uelut
372 2947 402 3007 p.
427 2928 480 3003 21,
495 2927 537 2990 23
561 2927 614 3002 22,
640 2928 659 2989 6
687 2925 824 2989 dubitari
856 2929 971 3008 potest,
999 2929 1105 2991 utrum
1132 2925 1277 2990 librarius
1376 3011 1379 3017 ι

150 3051 188 3096 99
229 3031 335 3114 potius
376 3031 444 3112 ipse
480 3032 632 3112 interpres
677 3031 850 3112 culpandus
887 3032 929 3096 sit
969 3051 1048 3112 quae
1084 3031 1115 3095 in
1149 3029 1276 3096 Graecis

149 3137 298 3220 leguntur
333 3137 597 3201 homoeoteleutis
629 3137 727 3202 falsus
764 3137 994 3213 transsiluisse,
1032 3136 1102 3201 aliis
1143 3137 1276 3218 denique

149 3242 239 3317 locis,
276 3261 348 3306 cum
386 3240 504 3307 Graeca
542 3241 688 3307 deficiant
723 3242 875 3307 iudicium
909 3244 1009 3307 facere
1041 3262 1102 3308 nou
1133 3243 1209 3307 licet
1235 3244 1275 3307 cl.

148 3367 179 3429 p.
221 3348 274 3422 94,
317 3351 336 3412 5
377 3348 430 3423 94,
474 3349 524 3411 11.
567 3348 728 3413 sufficiunt
772 3352 875 3412 tamen
921 3348 960 3412 ad
1001 3347 1275 3413 demonstrandum

149 3453 288 3517 omnium
328 3451 473 3517 codicum
512 3453 630 3518 fontem
671 3454 798 3518 unicum
836 3454 976 3535 exempla
1011 3454 1104 3519 modo
1145 3455 1275 3536 prolata.

148 3557 301 3622 accedunt
319 3576 393 3622 uero
416 3557 570 3623 innumeri
589 3560 653 3623 lere
675 3559 747 3637 loci,
770 3578 843 3623 uam
860 3560 925 3623 fere
944 3559 1111 3624 trecenties
1134 3559 1275 3625 testimo-

147 3663 234 3726 nium
276 3662 435 3745 archetypi
468 3663 654 3746 improbaui,
691 3662 745 3744 qui
786 3663 894 3729 cadem
933 3664 965 3727 iix
1007 3662 1152 3728 omnibus
1184 3664 1273 3730 libris

148 3769 324 3851 corruptela
340 3768 492 3834 laborant.
512 3770 558 3834 919
577 3790 607 3852 p.
630 3770 702 3846 138,
723 3771 761 3833 16
781 3770 826 3834 ab
838 3770 983 3835 omnibus
1002 3770 1148 3848 testibus,
1168 3769 1205 3834 de
1226 3771 1274 3836 De

146 3878 245 3949 taceo,
267 3873 434 3938 traduntur
455 3875 545 3939 haec:
578 3875 626 3939 his
648 3897 725 3959 quac
747 3875 908 3940 disceretur
931 3895 1054 3939 999999
1075 3876 1274 3953 9119999999-

145 3979 239 4055 saoit,
263 3998 341 4061 quae
364 3979 451 4044 nrrllo
474 3980 568 4045 modo
592 3980 710 4063 opinor,
730 3980 791 4044 nisi
810 3979 928 4046 Graeca
952 3981 1148 4058 haberemus,
1172 3984 1272 4046 sanari

145 4084 336 4166 potuissent.
373 4105 407 4150 er
436 4087 549 4169 quibus
579 4087 624 4151 sic
652 4086 888 4152 decurrentibus
914 4099 975 4158 τοῖς
1002 4081 1125 4171 ὑπ’ὲμοῦ
1151 4086 1273 4171 λεγομὲ-

145 4210 206 4255 aar:
228 4183 284 4253 aba
306 4188 458 4274 ἀπιστήσει
479 4195 563 4257 certo
586 4211 661 4257 uera
682 4192 859 4257 restituisse
881 4193 959 4257 mihi
983 4192 1091 4256 uideor
1109 4193 1200 4257 haec:
1223 4193 1272 4256 his
