3036 4756
600 297 816 354 Praefatio.

398 492 428 556 A

145 595 263 685 ἔνδρυον

146 699 192 764 ἀεὶ
212 705 289 779 πολύ

145 802 241 872 τᾶλλα
263 808 376 872 συνεῖδε
398 811 450 872 καί
470 812 634 894 κατδστηστ

146 1015 198 1100 τὴν
226 1018 412 1107 δικαιοσύνην
443 1019 495 1104 τὴν
526 1013 683 1105 καρτερίαν

1140 302 1274 368 XXXIX

942 493 1098 560 Eusebius

772 596 909 686 ἐνέφυσεν

767 702 843 766 πολύ

771 805 866 872 τᾶλλα

770 1021 823 1105 τήν
842 1022 1027 1107 δικαιοσύνην
1048 1021 1101 1106 τὴν
1120 1023 1275 1110 suppoct-

190 1122 241 1207 τὴν
263 1126 459 1211 σωφροσύνην

147 1225 252 1313 ἔχουσι
272 1227 324 1312 τὴν
346 1225 499 1316 ἀναφοράν

147 1330 326 1407 διδάσκαλος

815 1148 868 1211 νην
889 1128 940 1213 τὴν
961 1131 1117 1211 καρτερίαν

771 1227 968 1318 ἀναφδρυυσιν

771 1335 983 1410 διδασκαλικὸς

148 1433 209 1498 οἷον
772 1440 833 1504 οἷον

148 1535 164 1602 δ
188 1541 215 1603 δ’
237 1537 381 1630 ἡμέτερος
403 1548 571 1632 νομοθέτης

773 1544 790 1610 δ
813 1545 841 1608 δ’
862 1542 1006 1634 ἡμέτερος
1026 1549 1194 1633 νομοθέτης

148 1748 183 1814 ἐκ
203 1761 255 1815 τοῦ
277 1753 369 1834 λόγου
386 1758 477 1840 νόμον
772 1757 807 1822 ἐκ
827 1766 879 1821 τοῦ
901 1763 994 1842 νόμου
1016 1758 1105 1839 λόγον

147 1869 202 1942 της
236 1862 314 1922 κατὰ
344 1861 394 1937 τὸν
429 1861 535 1926 οἰκεῖον
570 1859 685 1948 ἑκάστῳ
773 1872 827 1949 τῆς
853 1866 929 1927 κατὰ
955 1865 1004 1926 τὸν
1032 1864 1113 1928 οἷκον
1144 1863 1276 1930 ἕκαστον

153 2032 155 2037 ,
193 1965 305 2051 διαίτης
818 1967 931 2055 διαίτης

148 2062 227 2130 ὅσων
772 2071 851 2138 δσυν

192 2261 253 2326 His
281 2282 316 2328 er
339 2265 488 2348 exemplis
511 2266 713 2332 manifestum
737 2271 796 2345 eet,
818 2267 997 2349 interpretis
1021 2266 1161 2333 codicem
1185 2265 1277 2332 Grae·

149 2385 232 2446 cum,
257 2368 284 2433 si
307 2369 460 2454 Xuccrpta
481 2371 680 2437 Peiresciana
702 2375 734 2437 et
756 2370 786 2435 A
810 2372 917 2437 eadem
941 2373 1100 2456 praebent,
1120 2372 1158 2439 ab
1181 2373 1278 2437 Euse-

149 2473 201 2539 bio
224 2494 299 2541 uero
323 2475 480 2556 differunt,
504 2497 628 2560 semper
651 2497 722 2543 curn
746 2478 810 2543 illis
834 2497 1003 2562 congruere
1022 2480 1110 2544 uelut
1127 2479 1159 2543 in
1178 2497 1277 2543 erem·

150 2579 211 2663 plis
236 2582 265 2646 1.
286 2585 316 2646 3.
339 2585 388 2649 12.
412 2585 677 2650 13.15.18.20.
700 2586 752 2650 21.
777 2586 829 2674 24.
853 2587 907 2664 25,
931 2585 958 2651 si
981 2605 1056 2650 uero
1080 2585 1279 2650 consentiunt

149 2686 179 2761 A
209 2691 241 2751 et
267 2688 434 2767 Eusebius,
457 2689 489 2754 id
521 2689 603 2772 quod
630 2690 731 2754 rarius
759 2690 883 2767 accidit,
906 2691 1059 2772 Ercerpta
1082 2709 1154 2775 ergo
1176 2690 1279 2754 Peira-

151 2793 256 2862 sciana
274 2796 342 2860 sola
359 2815 378 2860 a
396 2817 470 2863 uero
489 2800 577 2862 textu
596 2796 827 2874 aberrauerunt,
842 2797 939 2862 nihilo
958 2797 1062 2861 minus
1078 2796 1277 2878 interpretem

151 2919 223 2964 cum
250 2901 456 2967 Peirescianis
486 2903 590 2968 facere
616 2903 707 2967 uelut
733 2904 791 2968 sub
816 2906 846 2969 7.
870 2905 922 2969 22.
948 2905 1003 2975 26;
1035 2901 1166 2984 reliquis
1195 2902 1279 2966 enim

151 3007 307 3073 eiusmodi
329 3008 408 3074 locis
431 3028 491 3075 non
515 3009 683 3094 descripsit
704 3011 831 3094 Iosephi
859 3013 979 3075 textum
1003 3007 1279 3074 Constantinianus

151 3116 320 3196 excerptor,
345 3114 401 3180 sed
433 3116 584 3180 arbitratu
617 3135 675 3180 suo
703 3135 775 3181 eum
798 3116 831 3180 in
853 3115 981 3180 breuius
1006 3113 1167 3192 contraxit,
1190 3112 1281 3176 uelut

151 3219 210 3284 sub
231 3221 261 3284 2.
285 3223 315 3287 4.
343 3222 392 3288 14.
416 3223 468 3287 23.
493 3222 521 3286 si
544 3220 726 3304 deniqueA
751 3240 770 3285 a
792 3221 922 3304 reliquis
946 3219 1058 3296 differt,
1083 3238 1119 3285 eo
1142 3219 1280 3301 plerum-

152 3344 211 3407 que
229 3325 348 3391 factum
367 3331 426 3405 est,
446 3326 530 3409 quod
547 3327 809 3410 interpolamenta
826 3326 961 3391 hominis
977 3324 1147 3390 Christiani
1166 3340 1279 3406 passus

152 3435 211 3508 est,
235 3450 314 3513 quae
338 3428 398 3497 non
422 3435 525 3498 solum
550 3432 588 3496 ab
611 3432 749 3497 Eusebio
774 3431 828 3496 sed
852 3431 947 3496 etiam
975 3431 1012 3495 ab
1036 3429 1196 3512 Excerptis
1219 3428 1280 3509 By·

153 3538 286 3602 nantinis
309 3538 401 3621 plane
425 3540 549 3604 absunt.
573 3537 704 3602 Latinus
728 3555 852 3618 quoque
874 3537 1028 3622 interpres
1055 3536 1164 3616 utpote
1187 3532 1280 3597 homo

152 3644 271 3709 saeculi
303 3645 382 3709 serti
413 3644 550 3710 recentia
582 3643 697 3708 codicis
720 3642 750 3706 A
773 3642 1032 3724 interpolamenta
1054 3659 1113 3704 non
1138 3638 1282 3722 agnoseit

153 3749 206 3835 (of.
230 3751 279 3814 10.
301 3752 352 3816 12.
374 3749 450 3833 13.),
474 3768 705 3832 nonnumquam
729 3767 804 3814 uero
828 3748 915 3813 solus
934 3745 964 3809 A
982 3746 1110 3828 praebet
1132 3743 1279 3829 mendum

154 3856 237 3937 quod
259 3874 320 3920 non
349 3857 493 3939 sequitur
514 3856 645 3921 Latinus
673 3873 746 3919 cum
769 3855 931 3936 Excerptie
954 3869 1122 3936 congruus,
1147 3851 1175 3914 si
1198 3849 1281 3914 deni·

154 3981 213 4044 que
241 3966 306 4027 tres
337 3961 386 4026 illi
417 3965 522 4027 textus
548 3961 659 4027 Graeci
691 3961 795 4025 fontes
825 3959 904 4024 inter
927 3978 960 4025 se
984 3957 1184 4030 dissentiunt,
1209 3973 1280 4019 cnm

154 4068 259 4133 codice
284 4067 480 4132 l'eiresciano
506 4068 614 4132 eadem
637 4067 752 4132 habere
772 4067 854 4131 solet
876 4065 1006 4129 Latinus
1030 4062 1121 4127 uelut
1148 4061 1207 4126 sub
1234 4062 1281 4125 11.

156 4176 207 4238 19.
232 4176 284 4239 21.
