3036 4756
196 317 238 382 92
439 312 582 370 Contra
608 312 792 383 Apionem
816 311 850 371 11.
869 297 975 367 ta-as
994 311 1080 378 (vm)

196 526 266 572 esse
303 506 489 571 inmundum
533 525 588 589 per
631 506 750 587 templa
790 505 932 584 transire,
973 524 1068 587 quarn
1108 505 1324 570 sacerdotibus

143 609 331 677 90scolesta
361 612 457 676 uerba
484 611 670 694 confingere.
697 611 752 676 isti
779 630 853 675 uero
882 611 982 694 magis
1011 610 1200 675 studuemnt
1221 610 1324 675 deleu-

196 717 267 782 dere
296 717 483 800 sacrilegum
511 734 626 800 regem,
655 736 749 799 quam
776 717 861 780 iusta
889 719 920 780 et
942 716 1067 780 ueracia
1090 715 1128 781 de
1152 716 1267 780 nostris
1291 719 1324 780 et

195 822 234 887 de
261 824 379 904 templo
407 821 617 898 conscribere;
645 824 788 887 uolentes
817 822 898 886 enim
926 821 1080 887 Antiocho
1107 824 1264 902 praestare
1292 825 1324 886 et

196 927 413 992 infidelitatem
445 946 480 992 ac
513 927 710 1010 sacrilegium
743 927 811 991 eius
844 931 957 1010 tegere,
991 947 1052 1009 quo
1085 927 1168 991 circa
1199 930 1323 1010 gentem
1353 951 1367 990 s

195 1036 334 1098 nostram
363 1035 412 1097 est
438 1053 516 1098 usus
543 1037 669 1115 propter
692 1035 865 1116 egestatem
887 1032 1101 1115 pecuniarum,
1126 1032 1322 1097 detrahentes

196 1137 285 1202 nobis
322 1138 427 1216 etiam,
464 1157 544 1220 quae
575 1138 607 1202 in
638 1138 745 1203 futuro
778 1140 884 1202 essent
915 1137 1056 1214 dicanda,
1088 1138 1213 1202 mentiti
1239 1140 1322 1202 suut.

142 1241 347 1326 tllpropheta
373 1262 447 1309 uero
476 1244 608 1308 aliorum
636 1243 739 1307 iactus
767 1246 816 1307 est
841 1242 942 1324 Apion
971 1247 1003 1307 et
1030 1243 1108 1308 dixit
1134 1242 1323 1307 Antiochum

194 1347 227 1411 in
259 1348 377 1431 templo
409 1348 567 1413 inuenisse
598 1349 715 1413 lectum
748 1351 779 1412 et
806 1347 963 1412 hominem
989 1348 1021 1412 in
1049 1367 1085 1413 eo
1112 1347 1266 1412 iacentem
1292 1355 1324 1412 et

195 1453 386 1535 propositam
420 1453 448 1518 ei
480 1473 620 1519 mensam
655 1453 820 1519 maritimis
852 1455 1044 1537 terrenisque
1077 1457 1109 1518 et
1130 1453 1322 1518 ‘uolatilium
1343 1479 1368 1518 n

143 1555 185 1620 92
196 1557 328 1640 dapibus
356 1558 480 1641 plenam
508 1561 540 1622 et
567 1558 775 1640 obstipuisset
806 1558 855 1621 his
887 1557 990 1623 homo.
1021 1558 1114 1622 illum
1145 1577 1220 1623 uero
1251 1578 1323 1625 mox

195 1662 339 1729 adorasse
375 1665 458 1746 regis
494 1663 671 1746 ingressum
711 1666 871 1746 nmquam
907 1664 1077 1727 maximum
1109 1664 1137 1729 ei
1170 1665 1321 1729 solacium

194 1768 408 1851 praebiturum
440 1787 476 1833 ac
507 1767 718 1852 procidentem
752 1769 790 1833 ad
823 1770 892 1833 eius
924 1788 1025 1852 genua
1056 1773 1183 1834 extensa
1218 1770 1323 1835 dextra

194 1875 375 1957 poposcisse
398 1874 586 1952 libertatem,
610 1879 643 1939 et
660 1874 786 1938 iubente
804 1894 887 1958 rege,
905 1878 943 1939 ut
960 1873 1129 1940 confideret
1146 1879 1178 1940 et
1196 1875 1322 1954 diceret,

195 1980 266 2061 quis
298 1981 384 2044 esset
414 1980 468 2044 uel
501 1999 557 2045 cur
588 1980 705 2044 ibidem
736 1979 892 2045 habitaret
923 1981 976 2044 uel
1007 1999 1086 2062 quae
1116 1985 1201 2046 esset
1228 2000 1365 2046 causan

195 2083 335 2149 ciborum
363 2085 441 2161 eius,
469 2086 544 2148 tunc
571 2084 728 2149 hominem
752 2103 825 2149 cum
848 2085 968 2168 gemitu
991 2088 1024 2148 et
1044 2084 1185 2149 lacrimis
1207 2085 1322 2150 lamen·

65 2240 69 2248 ,
141 2185 331 2254 sanabiliter
353 2208 443 2254 suam
466 2208 606 2255 namasss
629 2190 859 2254 necessitatem.
890 2190 944 2268 ait,
966 2190 1079 2272 inquit,
1103 2209 1172 2255 osse
1196 2190 1321 2272 quidem

194 2313 228 2359 se
247 2293 401 2360 Graecum
421 2298 462 2360 at.
482 2295 556 2358 dum
579 2298 756 2379 peragraret
777 2295 970 2377 prouinciam
992 2300 1119 2377 propter
1140 2296 1226 2360 uitae
1249 2314 1322 2359 cau·

194 2419 272 2478 saur,
309 2401 465 2482 direptum
503 2419 536 2464 se
574 2401 679 2465 subito
717 2401 755 2465 ab
793 2400 976 2485 alienigenis
1014 2401 1194 2466 hominibus
1226 2405 1322 2483 atque

193 2504 362 2570 deductum
391 2506 430 2569 ad
457 2505 610 2586 templum
639 2509 672 2570 et
694 2505 851 2570 inclusum
874 2506 940 2571 illio
964 2508 996 2571 et
1019 2527 1035 2571 a
1058 2507 1145 2571 nullo
1169 2506 1367 2588 conspicuae

280 2723 358 2787 Len,
378 2723 430 2789 GP,
449 2739 474 2780 e.
493 2754 526 2763 -

228 2865 244 2917 2
264 2865 424 2933 contingere]
444 2879 600 2934 componere
619 2865 646 2918 Β
704 2864 939 2937 isti—defendere]
958 2884 1007 2922 orn.
1026 2867 1054 2922 R
1108 2868 1124 2920 3
1143 2867 1227 2936 iusta]
1247 2868 1321 2921 iuxta

193 2953 221 3006 Β
326 2954 344 3006 4
369 2956 507 3021 praestare
533 2969 563 3006 ac
588 2952 788 3022 infidelitatem]
813 2954 957 3021 gratificari
980 2958 1008 3007 et
1030 2953 1168 3024 perfidiam
1193 2954 1322 3008 Gelenius

192 3039 387 3108 5sacrilogum
406 3040 433 3094 P
502 3056 594 3109 regere
612 3040 639 3094 P
690 3040 878 3094 ddstraentes
897 3043 923 3095 Β
977 3041 1241 3110 'lonae-dicenda]
1260 3041 1280 3094 s'.
1299 3057 1319 3096 e.

191 3129 221 3180 τὸ
239 3124 332 3197 μέλλον
352 3125 520 3197 §otiaretur
538 3129 573 3195 cs.
592 3128 680 3198 ι6125
750 3127 848 3182 futuris
867 3143 884 3183 e
955 3129 1054 3198 esseut]
1074 3131 1137 3182 sunt
1155 3129 1225 3183 coni.
1240 3129 1322 3184 Niese

191 3219 260 3268 recte
277 3214 376 3282 opinor
439 3213 562 3285 dicenda]
582 3231 668 3270 oru.e
722 3216 797 3283 8etl
813 3219 840 3270 et
858 3217 885 3271 R
946 3216 1118 3270 anthiochum
1137 3218 1163 3272 Β
1216 3219 1320 3271 esem-

191 3301 264 3371 plum
283 3301 377 3357 BGPe
448 3302 593 3373 hominem]
613 3293 663 3358 hoe
681 3304 709 3358 P
763 3304 795 3357 10
814 3305 963 3375 appositam
986 3304 1115 3358 Gelenius
1186 3305 1222 3373 ei]
1242 3305 1320 3360 eisR

226 3388 372 3442 mensulam
393 3390 522 3444 Gelenius
593 3393 631 3460 et]
649 3407 699 3447 om.
718 3391 761 3446 Le
817 3393 847 3445 ll
869 3391 1009 3460 et<quod>
1026 3392 1155 3446 Gelenius
1226 3393 1318 3450 obstu-

190 3478 294 3547 puisset
311 3477 365 3532 ΒΟ
415 3478 590 3547 obstipuisset
603 3479 646 3532 his
664 3480 754 3548 homo]
774 3485 904 3547 coempta
917 3479 1054 3540 uidentur.
1067 3481 1116 3535 sed
1128 3496 1199 3548 qnae
1213 3482 1320 3545 lauant

191 3565 288 3632 oligua
305 3580 365 3618 earn
382 3566 523 3620 similitude
539 3568 600 3620 neri
621 3568 709 3621 conici
729 3568 823 3634 amit
910 3567 1194 3637 obstipuisset-uero.
1212 3568 1319 3622 litteras
1384 3581 1387 3588 “

189 3653 392 3722 puisset-uerc
409 3653 441 3707 in
458 3670 512 3707 roa.
533 3655 559 3707 Β
615 3657 647 3709 12
665 3655 778 3724 ingrssn.
797 3658 906 3724 taquam
924 3656 951 3709 Β
1000 3656 1035 3725 ei]
1055 3659 1083 3709 et
1100 3656 1128 3710 R
1176 3656 1318 3710 maximam

191 3740 243 3794 sibi
257 3757 334 3810 opem
348 3742 495 3810 praebituri
511 3741 641 3797 Gelenius
695 3744 727 3797 13
746 3743 933 3813 procedentem
946 3742 974 3797 R
1027 3743 1165 3798 dexterae
1220 3745 1253 3798 14
1271 3759 1318 3812 po-

190 3826 293 3896 posisse
312 3827 339 3880 Β
408 3827 534 3881 libertate
553 3829 580 3882 Β
655 3827 840 3884 considerate
914 3830 945 3881 15
964 3845 1033 3897 quur
1049 3830 1076 3883 P
1147 3831 1179 3883 l'l
1198 3829 1316 3900 quidem]

191 3928 278 3969 our.e
332 3914 366 3968 18
384 3913 458 3984 dum]
479 3914 517 3968 dii
531 3916 557 3969 P
608 3916 775 3985 peragraret]
793 3930 809 3971 e
827 3922 970 3985 perageret
987 3917 1057 3970 codd
1119 3921 1227 3986 propter
1244 3917 1317 3970 uitae

191 4002 310 4071 caussrn]
329 4001 441 4071 pararrdi
459 4003 547 4057 uictus
566 4020 646 4057 causa
662 4003 790 4058 Gelenius
854 4003 886 4057 19
904 4003 1081 4072 dirrepturue
1101 4004 1231 4059 directum
1248 4004 1319 4059 codd

191 4092 340 4158 correptum
361 4089 488 4144 Gelenius
566 4091 667 4160 subito]
687 4107 737 4147 om.
756 4091 783 4144 P
835 4091 868 4145 20
887 4092 1117 4160 templum-illic.
1136 4091 1317 4162 plum-illic

189 4175 222 4229 s'n
238 4192 294 4233 ros.
312 4176 339 4230 B
