3036 4756
600 324 814 380 Prsetstio.
1195 331 1273 396 XIII

145 522 234 582 cento
271 516 418 602 (trecenta
450 536 511 583 em.
543 518 583 596 V)
614 519 640 596 Ι,
672 523 756 584 πέντε
786 522 862 604 πρὸς
893 531 957 592 ταῖς
988 519 1081 586 εἴκοσι
1107 517 1271 607 neptibus:

146 624 199 700 69,
223 627 243 688 5
266 623 301 686 in
323 622 435 687 deserti
457 620 532 710 beo]
554 624 581 702 Ι,
603 625 638 688 in
659 623 793 689 desertis
809 624 883 689 loeis
904 624 949 703 11;
974 628 1026 703 70,
1050 627 1071 691 8
1092 626 1148 690 scd
1168 631 1197 690 et
1215 627 1275 712 ait]

145 730 187 808 II,
208 731 347 815 seqnitur
368 734 397 794 et
418 731 465 794 ait
487 732 517 806 13
542 730 594 810 77,
619 732 659 794 12
682 730 752 815 pais
778 731 860 794 enirn
885 737 1035 806 nonore
1065 732 1215 822 dnideat]
1247 736 1272 814 Ι,

145 837 215 915 quis
233 836 315 900 anim
331 855 394 900 non
411 836 526 900 ondeat
542 836 681 900 deridae
697 836 739 914 ΙΙ,
753 830 810 901 obn
827 833 862 899 tc
881 833 932 902 οὖν
950 859 992 911 τις
1009 836 1029 924 ἢ
1047 839 1273 920 antarcticum

147 941 199 1018 78,
223 943 242 1005 5
264 940 434 1033 sabbatum]
458 944 500 1022 II,
523 943 651 1007 sabbata
672 943 698 1022 1,
721 945 881 1026 σάββατον.
921 973 923 975 ·

190 1045 268 1112 Cum
292 1047 456 1130 utriusque
479 1048 589 1114 elassis
613 1048 736 1114 codices
758 1048 840 1113 inter
866 1067 900 1113 se
927 1068 987 1116 non
1016 1067 1139 1132 semper
1165 1068 1275 1115 eonse-

147 1155 230 1232 nent,
262 1154 300 1219 ab
333 1153 462 1219 alterius
493 1158 597 1219 tamen
632 1154 743 1219 elassis
774 1154 865 1219 libris
892 1154 1090 1238 apertissime
1118 1154 1275 1232 secedant,

146 1260 280 1343 exempli
303 1260 404 1344 gratis
426 1261 593 1327 nonnullos
617 1259 696 1327 addo
718 1261 806 1326 locos
830 1261 876 1325 sie
900 1263 1110 1343 comparatos:
1136 1261 1165 1338 7,
1186 1262 1205 1324 5
1227 1280 1275 1324 mc

196 1361 323 1450 adbeel
346 1365 412 1445 BR,
435 1385 474 1430 ne
492 1365 663 1447 potioribus
690 1367 715 1431 L
744 1385 816 1432 eum
840 1367 917 1444 suis,
937 1364 1110 1444 potioribus
1131 1367 1176 1441 11;
1201 1366 1231 1444 9,
1257 1367 1273 1430 l

139 1367 355 1582 ment]
377 1473 402 1550 I,
426 1472 609 1536 estimarent
631 1471 692 1550 GP,
716 1472 927 1536 existimarent
949 1470 1008 1548 003
1034 1474 1085 1548 11,
1104 1472 1125 1536 4
1143 1470 1276 1552 descrip-

146 1574 237 1664 tione]
266 1577 309 1656 Π,
344 1577 549 1658 discreptione
578 1578 614 1656 L,
647 1577 848 1659 disceptione
883 1578 921 1657 Β,
958 1577 1160 1658 discreptione
1191 1575 1275 1654 (lrM,

145 1682 369 1764 discrepatione
404 1683 441 1762 R,
473 1684 653 1748 discretione
684 1683 723 1760 03
753 1685 804 1763 19,
838 1685 878 1748 16
914 1681 1080 1747 secundam
1115 1701 1277 1746 sacrornrn

146 1788 284 1871 tinpnam
312 1786 495 1876 litterarum]
522 1790 564 1869 ΙΙ,
589 1790 758 1855 secundnm
778 1809 940 1854 sacrarent
961 1787 1139 1871 tinpnarnm
1161 1786 1275 1872 (socra-

145 1913 216 1957 ram
232 1895 256 1958 Ὶ1
281 1913 323 1959 m.
347 1894 374 1958 B
396 1894 427 1958 in
450 1913 549 1979 marg.
572 1894 657 1981 add.)
679 1894 774 1960 LCrB
800 1895 967 1960 secundam
997 1893 1276 1974 interpretationem

145 2019 308 2064 sacrarum
339 1999 519 2084 tinpnarnm
548 2001 590 2078 R;
624 2001 676 2079 23,
705 2003 725 2063 3
753 1999 916 2065 rebdlabat
930 1999 1033 2083 fratri
1056 2048 1064 2065 .
1087 2000 1116 2063 is
1141 1997 1276 2086 nero]R

144 2103 308 2170 rebellabat
334 2105 464 2189 fratres
498 2126 572 2172 nero
607 2106 746 2184 LBCrM,
782 2105 946 2171 rebeibsbat
980 2106 1082 2185 frater
1115 2125 1190 2170 nero
1226 2104 1277 2171 ΟΡ

146 2209 309 2275 rebellabat
330 2210 444 2294 fratri.
468 2211 577 2295 frater
606 2232 678 2277 nero
701 2211 760 2288 θος
785 2214 838 2292 32,
868 2215 884 2276 1
913 2208 1060 2299 aretinis]
1089 2209 1224 2275 archibis
1249 2211 1275 2289 Ι,

146 2315 323 2381 arabiberns
354 2316 378 2382 G
410 2317 563 2383 erebib'us
592 2320 618 2383 P
649 2317 806 2382 oretribero
834 2316 892 2393 θος
920 2314 1279 2405 48,1atio]I,otteri

147 2419 217 2488 ceo
240 2421 298 2486 atii
319 2422 360 2500 P;
384 2423 437 2499 65,
463 2425 503 2488 15
529 2429 666 2504 secutam
693 2420 768 2512 csse]
795 2425 893 2487 creent⁹
911 2443 944 2488 se
965 2423 992 2488 B
1019 2425 1134 2487 secutos
1156 2441 1188 2487 sa
1208 2421 1276 2501 RV,

146 2531 322 2592 scenarum
347 2547 380 2593 se
404 2529 450 2606 113
485 2529 537 2610 79,
567 2531 607 2593 15
633 2529 731 2594 socios
755 2546 814 2593 nos
838 2548 914 2593 snae
939 2525 1108 2615 nequitiae]
1132 2528 1157 2606 Ι,
1180 2530 1278 2594 socios

146 2652 202 2698 nos
231 2652 305 2698 snos
333 2654 409 2699 snae
438 2635 594 2715 nequitiae
625 2634 695 2701 COo
725 2635 823 2700 secas
852 2654 925 2699 scios
949 2654 1025 2699 saec
1050 2633 1207 2714 nequitiae
1231 2633 1278 2699 Pa

57 2787 59 2792 -
146 2739 243 2804 soccos
262 2760 338 2805 snae
359 2741 513 2822 nequitiae
533 2741 569 2806 P.

193 2845 227 2912 Si
250 2847 419 2930 quieuere
442 2845 633 2912 desiderabit
653 2846 745 2929 plura
766 2845 916 2930 exempla,
939 2844 1024 2910 incili
1046 2845 1172 2930 negotio
1201 2864 1276 2927 qua-

147 2953 198 3017 uis
225 2952 257 3018 in
286 2953 400 3037 pagina
428 2955 594 3036 apparatus
625 2953 689 3016 mei
719 2953 862 3036 reperiet,
893 2952 984 3017 uelut
1007 2952 1036 3031 6,
1062 2954 1078 3016 1
1103 2971 1179 3016 ceses
1201 2953 1232 3031 6,
1256 2955 1276 3017 9

147 3055 180 3120 tri
204 3057 235 3136 6,
259 3059 298 3121 11
323 3057 502 3122 Hettadinm
526 3061 556 3140 7,
581 3060 621 3124 18
647 3057 840 3141 ibneydides
861 3062 1020 3143 tamquam
1042 3059 1071 3137 9,
1100 3060 1120 3122 8
1146 3056 1179 3121 tri
1204 3078 1278 3122 nero

149 3165 179 3244 9,
209 3164 250 3227 12
280 3163 420 3244 propriis
450 3169 483 3229 et
513 3182 594 3246 quae
625 3169 800 3247 sequuntur
829 3165 894 3230 fere
925 3164 1069 3229 ducenta.
1103 3163 1277 3229 certissime

147 3269 246 3353 igitur
259 3268 337 3334 duas
352 3269 383 3333 in
399 3271 516 3335 classes
532 3269 692 3353 colligitur
705 3270 923 3335 aecemendsm
940 3268 1168 3336 esselibromm
1183 3288 1276 3333 manu

148 3376 335 3459 scriptorum
358 3374 604 3440 multitudinem.
627 3375 690 3441 utri
713 3395 787 3441 uero
809 3374 902 3440 fidem
930 3375 1080 3440 debemus
1107 3374 1278 3440 maiorem?

148 3481 332 3566 saepissime
355 3481 437 3546 enim
461 3500 521 3547 non
545 3481 650 3546 solum
670 3481 813 3566 primam,
837 3480 1009 3546 sedetiam
1037 3482 1167 3545 alteram
1194 3480 1278 3545 eodi-

149 3607 222 3653 eum
244 3588 381 3653 classem
407 3606 498 3653 sanas
526 3587 617 3653 nobis
644 3588 844 3672 suppeditare
871 3586 1022 3651 lectiones
1049 3589 1134 3651 certa
1157 3585 1278 3652 rationo

149 3713 185 3759 ex
206 3695 294 3759 textu
318 3693 437 3760 Gmeco
461 3692 596 3759 efficitur
616 3693 711 3777 idque
738 3694 841 3759 solnm
867 3692 987 3758 moueri
1013 3693 1118 3774 potest
1144 3692 1278 3756 classem

149 3800 281 3884 primam
308 3800 340 3863 in
367 3799 468 3882 priore
494 3799 585 3878 libro,
609 3799 737 3864 alteram
759 3799 791 3864 in
817 3799 915 3880 altero
938 3798 1032 3881 paulo
1056 3796 1180 3881 saepius
1203 3815 1278 3862 uera

149 3904 302 3971 exhibere.
328 3907 466 3970 attamen
490 3905 517 3970 si
539 3904 632 3988 paulo
660 3905 838 3970 accuratius
866 3903 1057 3986 corruptelas
1083 3901 1278 3986 pondernue-

148 4011 259 4090 rimus,
282 4010 360 4076 satis
383 4010 544 4076 euidenter
565 4011 728 4103 apparebit
749 4009 867 4092 primae
890 4009 1001 4075 elassis
1024 4009 1186 4088 lectiones,
1209 4008 1237 4074 si
1260 4029 1279 4075 a

148 4135 223 4183 uero
247 4117 398 4196 aberrant,
421 4117 606 4201 plerumque
628 4116 768 4200 intellegi
792 4115 916 4182 omnine
939 4134 1000 4180 non
1025 4133 1127 4198 posse,
1147 4114 1276 4181 alterius

150 4241 225 4290 uero
237 4222 388 4306 imputari
400 4241 494 4306 posse
506 4222 632 4288 librario
641 4219 726 4287 haud
738 4219 875 4300 indocto,
885 4220 941 4304 qui
955 4239 1034 4304 quac
1048 4239 1109 4286 non
1123 4219 1279 4286 intellexit
