3036 4756
473 293 617 352 contra
642 293 826 365 Apiouem
849 293 872 359 Ι,
890 293 1031 348 aer-als
1050 292 1158 360 (XXVI)

161 485 226 551 238
250 488 344 555 ualde
366 488 536 571 praecelsa.
559 507 650 571 porro
672 488 721 553 illi
743 488 775 553 in
798 489 878 552 benc
901 487 1036 572 ingrcssi
1059 487 1218 553 stlocum
1242 486 1326 551 hunc
1344 486 1384 551 ad

230 594 466 660 resultandum
511 594 664 660 habentes
710 594 865 677 optimum
907 593 1018 657 ducem
1061 592 1189 658 sibimet
1228 591 1383 674 quendam

249 699 556 781 Heliopolitanorum
592 698 773 781 pontificum
812 696 952 762 Osarsifs
984 700 1101 762 constat
1074 697 1217 762 ituerunt
1247 698 1280 761 et
1309 696 1383 761 huic
1497 781 1504 794 .

162 802 228 868 239
251 824 285 872 se
313 804 494 872 oboedire
485 824 518 870 ιιι
547 804 693 870 omnibus
719 805 916 878 iurauemnt3
947 807 980 869 et
1005 804 1059 868 ille
1087 804 1224 885 primum
1256 801 1383 885 quidem

249 912 296 977 eis
327 912 431 995 legem
462 911 581 994 posuit,
612 915 651 977 ut
681 929 784 994 neque
817 911 892 976 deos
921 911 1086 976 adorarent
1111 929 1213 993 neque
1241 929 1259 975 a
1285 907 1383 974 sacris
1414 929 1428 970 s

229 1017 450 1095 *animalibus
481 1037 561 1100 quae
597 1017 763 1102 praecipue
798 1017 916 1083 festina
952 1018 1034 1101 opud
1070 1017 1246 1102 Aegyptios
1285 1017 1383 1092 erant,

250 1142 284 1189 se
307 1123 434 1207 penitus
457 1122 651 1189 abstinerent
672 1122 815 1206 nullique
838 1124 1068 1206 copularentur,
1091 1122 1154 1187 nisi
1177 1140 1249 1187 cum
1268 1120 1383 1204 quibus

163 1224 229 1289 240
250 1228 470 1294 iusiurandum
493 1229 607 1295 habere
634 1228 831 1295 uidebantur.
864 1230 941 1294 haec
969 1231 1075 1294 autem
1103 1227 1245 1292 sanciens
1268 1229 1301 1291 et
1322 1225 1385 1290 alia

250 1333 341 1417 plura
362 1333 497 1399 maxime
518 1333 748 1419 Aegyptiorum
772 1334 1054 1400 consuetudinibus
1075 1333 1205 1398 inimice
1226 1330 1385 1416 praecepit

250 1438 352 1505 multo
381 1457 473 1522 opere
500 1457 608 1505 muros
635 1438 793 1506 aedificari
821 1440 962 1505 ciuitatis
986 1444 1018 1504 et
1041 1440 1079 1504 ad
1102 1439 1187 1504 belle
1208 1435 1384 1523 praeparari
1401 1459 1428 1500 ιι

163 1542 226 1607 241
252 1548 361 1610 contra
390 1544 554 1611 Amenolln
584 1563 702 1631 regem.
738 1545 808 1629 ipse
839 1565 915 1611 uero
947 1545 1115 1611 adsumens
1148 1563 1257 1610 secum
1288 1544 1382 1609 etiarn

251 1650 330 1716 alios
361 1650 539 1739 sacerdotes
566 1654 599 1716 et
625 1651 854 1717 maculatorum
874 1646 1038 1735 ¹quosdam
1071 1652 1159 1716 misit
1188 1653 1312 1736 legatos
1344 1648 1383 1713 ad

251 1742 404 1839 pastores}
427 1755 483 1838 qui
504 1754 695 1821 uidebantur
717 1775 735 1821 a
757 1756 930 1823 'l'ethmnse
955 1775 1028 1842 rege
1056 1756 1181 1840 depulsi
1208 1756 1247 1821 ad
1273 1755 1381 1820 Hiero·

251 1861 446 1946 solymorum
472 1862 593 1940 urbem,
621 1881 733 1927 causas
756 1880 830 1960 suns
854 1865 887 1927 et
908 1862 1038 1928 aliorum
1063 1862 1117 1945 qui
1142 1861 1237 1928 simul
1259 1861 1384 1926 merant

252 1967 433 2034 exhonorati
454 1967 635 2053 significans
657 1971 690 2033 et
711 1986 854 2049 poscens,
877 1971 914 2033 ut
935 1968 1052 2052 pariter
1073 1971 1182 2033 contm
1202 1969 1382 2052 Aegyptum
1400 1987 1427 2028 rs

165 2073 229 2137 242
254 2075 357 2138 castra
391 2074 598 2152 metarentur,
626 2073 841 2158 vpromisitque
878 2092 931 2139 eos
967 2075 1033 2139 fore
1064 2077 1216 2139 uenturos
1246 2073 1382 2156 primum

253 2177 380 2261 quidem
402 2178 434 2245 in
456 2178 574 2244 Aueria
596 2171 830 2265 progenitorum
854 2198 983 2245 suorum
1005 2180 1198 2264 prouinciam
1222 2181 1254 2244 et
1279 2196 1384 2244 neces·

253 2284 335 2350 seria
356 2283 483 2369 populis
506 2283 717 2350 abundantius
741 2285 924 2364 exhibenda,
946 2288 1140 2371 pugnaturos
1164 2288 1266 2350 autem
1295 2303 1384 2368 opor·

166 2392 230 2455 248
252 2393 330 2455 tuno
362 2393 502 2473 tempore
534 2392 565 2455 ct
596 2389 791 2474 prouinciam
823 2390 973 2456 facillime
1006 2389 1198 2456 subdituros.
1230 2389 1278 2454 illi
1309 2407 1384 2454 uero

252 2494 374 2561 laetitia
409 2494 562 2561 cumulati
598 2514 706 2560 omues
743 2496 889 2560 alacriter
924 2515 1025 2578 usque
1062 2496 1101 2561 ad
1133 2496 1267 2561 ducenta
1297 2495 1430 2560 miliaro

252 2601 395 2666 uirorum
416 2599 533 2682 pariter
555 2602 629 2664 scrut
651 2599 795 2684 adgressi
818 2603 849 2664 et
871 2619 931 2665 nou
954 2602 1187 2685 postmultum
1211 2601 1249 2666 ad
1267 2601 1384 2666 Auarin

253 2725 354 2790 usquo
376 2708 540 2770 uenerunt.
571 2704 730 2770 dmenobs
754 2708 860 2771 eutem
882 2708 1109 2791 Aegyptiorum
1132 2726 1194 2786 rer,
1219 2708 1293 2773 dum
1315 2707 1385 2771 illo-

342 2911 421 2976 Lau,
440 2909 493 2976 ΟΡ,
513 2925 537 2966 e.
558 2941 590 2951 -
609 2910 641 2975 Δ,
661 2910 702 2965 ed.
721 2928 760 2982 pr.

660 3010 680 3043 u

292 3051 364 3120 lin]
385 3067 418 3106 es
436 3053 463 3106 le
480 3068 548 3107 corr.
566 3051 606 3106 Βι
677 3053 762 3122 gressi
776 3062 808 3120 (e.
822 3052 871 3122 L²)
886 3053 912 3108 L
930 3055 1031 3124 egressi
1051 3055 1101 3110 GP
1202 3056 1235 3111 ad
1253 3057 1385 3162 resultan-

255 3167 329 3237 dum]
348 3164 385 3229 εἰς
405 3163 545 3220 ἀπόστασιν
639 3167 818 3238 deprimam]
837 3169 955 3237 opimum
973 3184 989 3226 e
1008 3168 1146 3242 λεγόμενον
1240 3173 1256 3227 3
1275 3171 1386 3226 osarflxa

255 3255 279 3326 (i
293 3269 314 3311 e.
330 3252 378 3325 L²)
391 3254 419 3309 L
433 3254 574 3326 osarsipbs
585 3255 614 3311 Β
630 3254 832 3327 Osarphiphse
884 3259 902 3311 4
921 3257 1059 3328 oboedire]
1074 3275 1107 3314 ccc
1119 3259 1251 3315 oboedide
1265 3277 1333 3315 corr.
1347 3260 1384 3314 Β1

291 3345 330 3414 et]
349 3347 381 3398 ut
397 3343 470 3400 LBe
489 3341 525 3404 bl.
544 3346 574 3398 nt
590 3343 692 3399 Sobs'sss
708 3345 760 3415 (cd.
776 3345 871 3400 Coton.
885 3349 972 3412 1524)
1034 3347 1159 3417 primum]
1177 3364 1228 3402 om.
1243 3349 1271 3404 Β
1325 3352 1341 3405 5
1359 3349 1385 3419 a]

209 3423 214 3432 '
255 3433 325 3489 ube
380 3433 443 3486 lse
460 3433 569 3502 penitus
587 3433 764 3504 abstinerent]
784 3450 835 3488 om.
849 3433 878 3489 Β
948 3435 1126 3506 abstinerent]
1146 3435 1286 3507 ἀπέχεσθαι
1303 3438 1387 3492 πάντα

256 3521 282 3575 bl
301 3519 375 3576 θὺιιν
393 3522 437 3574 καὶ
455 3519 567 3573 ἀναλοῦν
638 3521 751 3592 bhaec]
771 3529 876 3576 τοιαῦτα
946 3524 1067 3579 sentiens
1083 3525 1111 3577 Β
1129 3526 1265 3579 sanctiens
1285 3525 1386 3580 Osan-

255 3612 308 3665 ties
325 3609 354 3663 P
412 3608 559 3664 9maxime
572 3611 633 3673 <in>
652 3610 680 3664 Β
752 3610 912 3682 egiptiorum
930 3612 962 3666 s‘n
978 3629 1035 3667 ros.
1055 3612 1088 3666 0Ι
1157 3615 1191 3669 10
1209 3613 1298 3684 opere]
1316 3617 1386 3668 tenr-

256 3714 321 3767 pore
341 3695 390 3767 01²
445 3697 546 3766 muros]
566 3714 617 3753 ons
636 3697 663 3750 Β
719 3699 748 3752 ll
770 3700 908 3753 amonesin
925 3701 953 3756 Β
970 3699 1123 3771 memorari
1178 3717 1242 3770 rego
1259 3703 1286 3756 P
1344 3719 1387 3757 as·

258 3785 434 3840 summense?
516 3786 619 3870 seeum]
636 3803 696 3856 sup.
715 3803 785 3842 uere
805 3787 870 3842 odd
889 3788 927 3842 Β1
1000 3789 1032 3843 13
1050 3789 1129 3843 atbet
1144 3789 1265 3844 museL
1283 3790 1387 3845 atebet·

258 3916 332 3954 ruuse
350 3901 378 3953 Β
397 3901 536 3955 atbemuse
552 3897 607 3957 ΒΡ
624 3902 777 3956 athelmuse
798 3903 821 3956 Ο
838 3918 854 3956 a
871 3902 1035 3958 'l'betbmuse
1053 3919 1070 3958 e
1124 3904 1237 3975 depulsa
1255 3909 1286 3971 (s.
1299 3903 1389 3973 L²rL

260 3988 293 4042 16
310 3988 478 4058 primumque
491 3989 519 4044 Β
575 3991 607 4045 17
626 3991 727 4045 suarim
742 3989 797 4044 ΒΡ
850 3991 882 4045 19
901 3992 939 4060 et]
959 4007 1010 4046 oar.
1025 3991 1052 4044 Β
1103 3993 1231 4055 facilibus
1245 3995 1271 4046 B
1325 3994 1387 4047 sub-

259 4074 372 4146 dituros]
391 4075 544 4146 prodituros
562 4076 591 4132 Β
645 4078 719 4148 uero]
738 4094 760 4131 s.
773 4093 844 4133 uere.
860 4079 925 4133 edd.
939 4078 976 4131 Βι
1031 4080 1066 4134 20
1084 4078 1195 4134 emulati
1208 4079 1235 4135 Β
1287 4081 1319 4134 21
1340 4079 1387 4134 ad·

259 4163 354 4233 gressi]
375 4165 478 4234 agressi
495 4164 523 4219 Β
542 4165 743 4238 συνεξώρμησαν
813 4165 926 4237 duarin]
945 4167 1038 4222 arauiu
1055 4168 1111 4223 LB
1128 4168 1230 4223 suarim
1252 4167 1315 4222 ΟΡ·
