3036 4756
231 307 274 371 94
465 302 609 359 Contra
636 304 818 374 Apionem
841 304 877 369 11,
896 304 1125 376 98-103(v111)

231 517 304 582 ergo
341 498 505 564 uoluntate
541 497 669 580 iniquus
707 494 849 585 [impius]
885 501 918 563 ol
952 498 1156 563 nihilominus
1193 498 1261 564 sino
1294 498 1363 577 deo,

197 624 200 629 ·
231 604 400 684 quantouis
428 604 471 668 sit
496 603 652 669 mendacii
679 604 889 687 superfluitas,
917 622 1012 686 quarn
1039 623 1075 669 ex
1101 605 1171 687 ipsa
1192 624 1226 670 re
1250 624 1364 689 cogno-

163 705 207 770 99
231 728 317 775 scere
353 710 446 775 ualde
478 709 666 775 facillimum
697 714 756 775 est.
788 728 848 774 non
880 711 963 774 enim
996 710 1077 775 circa
1108 712 1193 775 solos
1226 709 1363 777 Graecos

230 816 387 882 discordia
408 815 516 899 legum
539 834 609 880 osse
633 815 816 894 dinoscitur,
840 815 895 880 sed
919 816 1051 881 maxime
1070 816 1222 881 aduersus
1240 815 1363 901 Aegyp·

230 921 292 986 iios
321 926 353 987 et
378 923 532 1005 plurimos
561 921 651 988 alios.
683 959 729 990 m
757 940 850 1004 quem
883 922 966 986 enim
994 923 1106 988 horum
1138 942 1198 988 non
1230 923 1365 1006 contigit
1394 943 1407 983 s

230 1027 398 1111 aliquando
432 1029 514 1092 circa
545 1043 603 1093 nos
634 1028 835 1112 peregrinari,
867 1032 904 1092 ut
931 1029 1084 1094 aduersus
1113 1030 1197 1094 solos
1226 1027 1363 1095 Graecos

143 1130 206 1194 100
228 1138 380 1199 renouata
402 1134 615 1199 coniuratione
638 1153 693 1218 per
715 1134 901 1199 effusionem
924 1136 1085 1220 sanguinis
1105 1139 1291 1219 egeremus?
1309 1136 1364 1200 uel

229 1240 387 1322 quomodo
410 1240 561 1323 possibile
585 1243 644 1318 est,
667 1242 705 1304 ut
727 1239 767 1303 ad
789 1240 846 1305 has
870 1241 991 1306 hostias
1014 1260 1122 1307 omnes
1145 1241 1254 1306 Iudaei
1276 1241 1364 1306 eolli-

230 1349 378 1430 gerentur
404 1349 437 1410 et
463 1346 560 1411 lautis
588 1346 718 1411 milibus
746 1345 785 1410 ad
813 1347 1004 1430 gustandum
1037 1348 1160 1413 uiscera
1190 1339 1246 1413 illa
1277 1347 1362 1413 suffi-

229 1455 344 1530 cerent,
361 1453 445 1517 sicut
463 1453 508 1516 ait
525 1451 649 1533 Apion?
667 1452 720 1516 uel
739 1471 795 1517 cur
811 1453 975 1517 inuentum
994 1453 1152 1517 hominem
1171 1454 1363 1536 quicumque
1384 1477 1407 1515 ro

142 1554 202 1619 101
228 1556 299 1634 fuit,
318 1577 378 1623 non
398 1557 481 1622 enim
500 1576 557 1623 suo
577 1558 702 1622 nomine
721 1559 909 1640 conscripsit
921 1595 966 1626 ω
982 1561 1037 1622 aut
1055 1558 1211 1641 quomodo
1235 1578 1308 1624 eum
1329 1559 1362 1622 in

229 1681 319 1728 suam
346 1662 480 1747 patriam
507 1681 559 1727 rex
586 1681 646 1728 non
675 1681 747 1727 cum
773 1682 889 1746 pompa
915 1663 1052 1743 deduxit,
1076 1663 1151 1728 dum
1173 1667 1283 1745 posset
1303 1664 1362 1729 hoc

227 1769 346 1835 faciens
379 1770 447 1852 ipse
480 1768 607 1851 quidem
638 1769 743 1852 putari
774 1768 846 1850 pius
875 1773 907 1834 ei
935 1767 1125 1834 Graecorum
1154 1772 1275 1835 amator
1303 1768 1363 1834 exi-

229 1875 325 1953 mius·
348 1893 507 1941 assumere
534 1893 609 1939 uero
638 1876 745 1938 contra
770 1874 958 1940 Iudaeorum
981 1875 1089 1939 odium
1111 1875 1228 1940 solacia
1249 1893 1364 1958 magna

142 1977 204 2043 102
229 1984 425 2047 cunctorum.
449 1981 505 2046 sed
526 1981 604 2046 haec
625 1980 784 2062 relinqoo;
808 1980 983 2046 insensatos
1002 1981 1085 2045 enim
1103 2000 1163 2046 non
1183 1979 1289 2045 uerbis
1307 1979 1363 2045 sed
1382 2000 1406 2039 n

229 2087 377 2170 operibus
414 2087 505 2152 decet
541 2105 682 2171 arguere.
715 2086 820 2151 sciunt
851 2087 950 2171 igitur
981 2106 1099 2165 omnes,
1131 2087 1185 2170 qui
1215 2086 1362 2152 uiderunt

140 2262 142 2265 ,
229 2195 494 2260 constmctionem
525 2194 637 2277 templi
668 2193 778 2272 nostri,
815 2193 918 2275 qualis
953 2193 1060 2273 fuerit,
1090 2197 1122 2259 et
1155 2193 1362 2276 intransgres-

141 2295 354 2365 103sibi1em
404 2299 473 2365 eins
523 2299 750 2382 purificationis
790 2299 1015 2384 integritatem.
1057 2301 1207 2382 quattuor
1245 2297 1361 2363 etenim

228 2386 340 2471 habuit
374 2405 515 2489 porticus
551 2405 582 2469 in
624 2405 758 2471 circuitu
799 2409 831 2470 ei
870 2405 981 2470 harum
1022 2405 1165 2490 singulae
1204 2403 1360 2488 propriam

315 2613 395 2678 LBR,
414 2612 467 2677 GP,
486 2625 511 2666 e.
531 2642 563 2652 -

155 2815 160 2822 ,
266 2756 279 2809 1
300 2753 486 2809 uoluntatibus
504 2752 603 2821 iniquis
622 2752 720 2822 impius
740 2766 756 2807 e
855 2756 915 2811 (ετ)
931 2752 1029 2822 impius
1047 2750 1132 2816 RGP,
1149 2752 1268 2816 fortasse
1285 2755 1360 2810 recle.

228 2844 302 2898 mulo
321 2848 412 2897 eornm
429 2841 565 2896 recludere
582 2841 681 2911 impius
699 2845 839 2910 tamquam
855 2840 990 2910 ploerernu
1060 2841 1076 2894 2
1095 2839 1240 2909 quantauis
1258 2839 1305 2906 sit]
1323 2839 1362 2892 aie

228 2948 297 2987 corr.
318 2930 354 2986 0²
373 2933 473 3000 quanta
490 2930 570 2983 iussit
587 2929 658 2984 codd
676 2943 692 2984 e
712 2929 840 2998 quicquid
857 2930 938 2983 iussit
957 2928 1087 2983 Gelenius
1174 2925 1318 2982 mendaiiis
1336 2926 1364 2979 P

264 3021 355 3090 quam]
376 3022 503 3090 quantam
522 3019 549 3074 Β
621 3017 745 3088 Scalde]
764 3034 816 3072 om.
835 3017 862 3072 Β
941 3015 1194 3085 enim-discordia]
1211 3016 1243 3069 in
1259 3031 1315 3069 rae.
1334 3014 1361 3067 B

263 3123 373 3178 graecos
392 3107 464 3161 solos
484 3112 516 3160 tr.
534 3106 563 3162 Β
623 3104 853 3161 4ᾱίεοοῐεεοῐᾱία
870 3105 899 3161 Β
969 3104 1138 3176 dignoscitur
1155 3102 1225 3160 RGe
1288 3106 1360 3158 5m

139 3196 141 3212 ¹
227 3197 318 3266 quem]
338 3212 399 3250 erem
416 3195 514 3249 n'ieeio
533 3196 661 3250 lacunam
678 3200 772 3248 aloluo
826 3193 1042 3264 quem-homm]
1062 3193 1137 3248 cuius
1155 3192 1225 3247 enim
1243 3191 1359 3262 regionis

226 3283 350 3338 homiues
371 3282 501 3338 Gelenius
571 3281 676 3352 horum]
697 3281 840 3335 ehomme
912 3281 1047 3350 contingit
1065 3280 1092 3336 Β
1152 3279 1270 3348 dcirca]
1288 3277 1359 3347 apud

230 3371 359 3426 Gelenius
412 3371 496 3440 solos]
515 3387 566 3424 om.
585 3370 613 3425 Β
667 3369 783 3424 Graecos
801 3370 942 3438 renouata]
958 3368 1045 3438 oper
1062 3369 1244 3424 coniecturam
1261 3368 1360 3436 opinor

226 3461 345 3530 camut,
356 3460 475 3528 sortasse
487 3465 564 3524 recte,
578 3459 635 3515 uisi
648 3458 772 3528 displicet
785 3462 915 3513 renouata
923 3475 978 3527 pro
991 3458 1090 3513 iterata
1098 3458 1234 3527 positum
1244 3457 1359 3527 grauius

225 3549 353 3604 mendum
370 3549 496 3618 suspicor
549 3547 792 3603 'lcommutatioue
809 3547 838 3602 Β
897 3547 1045 3616 sanguinis,
1058 3547 1082 3600 is
1095 3547 1240 3600 inrueuru
1253 3545 1358 3600 litterae

228 3635 293 3691 eB¹
348 3636 496 3708 egeremus]
517 3636 840 3706 ereremusPageremus
854 3635 954 3690 Solius
967 3635 1007 3690 eei.
1024 3635 1120 3689 Gelon.
1133 3636 1209 3689 1524
1262 3633 1357 3703 8quo·

227 3725 397 3797 modo-esi]
417 3742 469 3780 om.
486 3725 515 3780 Β
567 3724 722 3794 lmilibus]
741 3723 844 3777 uiribus
862 3725 890 3779 Β
951 3722 1120 3794 gustandae
1180 3722 1316 3777 sufficeret
1332 3721 1360 3774 P

229 3816 262 3869 10
280 3814 336 3884 cur]
357 3831 424 3886 quur
442 3813 468 3866 P
484 3819 497 3868 d
515 3813 543 3866 B
597 3815 627 3869 11
646 3837 691 3866 ..ο
708 3811 766 3881 aut]
785 3828 846 3866 cum
864 3811 960 3866 Nieoio
983 3811 1113 3866 lacunam
1131 3816 1223 3865 etutuo
1286 3810 1356 3877 eum]

228 3904 297 3957 enim
316 3903 345 3959 Β
363 3901 466 3958 curnG
567 3901 596 3954 in
615 3919 690 3956 suam
709 3901 835 3972 patriam]
854 3917 905 3957 om.
923 3900 952 3956 Β
1042 3899 1074 3953 13
1094 3898 1153 3969 pius
1170 3898 1261 3969 putari
1278 3904 1311 3953 tr.
1329 3897 1376 3952 Β.

229 3993 262 4046 14
280 3991 370 4046 odium
388 3989 529 4045 iudeorum
548 3996 580 4045 tr.
598 3990 627 4046 Β
679 3989 742 4044 odio
756 3991 783 4044 P
834 3989 943 4059 solatia]
963 3988 1063 4042 auxilia
1082 3987 1211 4043 Gelenius
1265 3986 1298 4041 18
1316 3989 1357 4039 et·

227 4107 309 4177 enim]
329 4107 399 4160 enim
417 4105 488 4162 ROe
568 4107 601 4160 19
619 4106 738 4176 porticus
753 4105 853 4160 ‘habuit
871 4109 942 4159 tue
1025 4103 1156 4174 porticus]
1175 4119 1226 4158 om.
1245 4067 1358 4156 Leni

225 4199 346 4268 porticus
363 4212 385 4249 s.
403 4213 473 4251 uere.
494 4196 559 4252 add.
579 4195 618 4250 L³
634 4195 754 4267 porticus
771 4211 792 4248 e.
813 4193 856 4249 13².
