3036 4756
619 298 833 353 Praefatio.
1146 301 1285 368 XXXIII

153 494 310 559 uideatur.
342 512 442 576 neque
466 494 601 556 multum
626 491 730 556 mirari
753 492 836 556 hunc
859 512 1046 558 eonsensum
1073 493 1234 560 debemus.
1259 495 1287 561 si

156 600 279 665 codices
304 597 374 663 cra
398 602 544 680 corrupta
566 597 703 662 tradunt.
728 607 835 662 contra
854 599 880 662 si
900 599 926 662 P
945 618 1015 663 cunr
1034 599 1152 682 primae
1176 601 1287 666 classis

157 704 317 770 codicibus
341 704 373 768 iii
397 703 584 785 corruptelis
608 704 762 788 congruit,
785 705 941 786 quomodo
964 705 1016 768 hie
1039 723 1210 772 cousensus
1240 725 1287 770 er·

155 810 266 885 titerit‚
285 809 376 873 uobis
399 809 576 874 accuratius
601 809 837 874 examinandum
860 814 917 875 est.
937 830 966 892 p.
988 811 1040 888 97,
1060 813 1080 876 8
1103 811 1289 896 legebantur

157 915 240 998 apud
263 915 464 996 interpretem
488 913 593 994 ipsum
618 915 684 978 siue
708 915 803 979 dubio
826 916 916 980 haec:
949 921 984 979 ut
1003 915 1116 996 procul
1135 917 1291 981 stantibus

156 1024 321 1100 appareret
343 1021 435 1099 qnasi
456 1019 559 1083 struae
575 1040 636 1100 per
658 1023 775 1083 terram
795 1021 853 1083 iter
880 1025 1010 1103 repentes.
1048 1023 1102 1086 aed
1131 1023 1290 1106 archetypi

156 1125 303 1188 librarius
326 1124 413 1188 facili
430 1142 532 1188 errore
550 1123 638 1187 stella
657 1125 785 1207 scripsit
802 1128 925 1206 operatos·
942 1145 1002 1191 uou
1022 1129 1159 1191 mutans.
1183 1127 1290 1192 eadem

158 1231 238 1294 LBi'
269 1230 405 1295 tradunt.
437 1230 465 1293 R
495 1249 570 1294 uero
603 1233 636 1294 ot
668 1228 692 1295 O
720 1231 867 1295 mendum
904 1233 1145 1314 grammaticum
1180 1234 1291 1298 tollere

159 1335 263 1400 eonati
286 1337 341 1399 ilie
364 1339 485 1418 mentes
507 1337 537 1398 in
561 1356 655 1418 opens
677 1337 824 1409 mutauit,
847 1337 898 1402 hic
922 1357 996 1402 uero
1024 1341 1106 1403 recte
1134 1338 1291 1404 coniciens

158 1441 262 1505 stellae
292 1441 440 1506 restituit.
485 1441 592 1506 eodem
623 1446 728 1506 autem
756 1442 849 1507 modo
878 1443 1010 1507 arbitror
1039 1464 1069 1526 p.
1100 1445 1173 1520 129,
1202 1444 1220 1506 7
1253 1443 1293 1507 ob

158 1546 379 1610 concinnose
401 1548 434 1610 et
452 1544 476 1610 C
494 1546 691 1610 librariorum
711 1548 877 1631 sagacitati
897 1548 1013 1613 debari.
1033 1548 1070 1611 ab
1089 1548 1229 1612 omnibns
1247 1566 1294 1611 ar-

160 1652 286 1735 chetypi
305 1672 384 1716 esse.
411 1672 439 1734 p.
464 1652 536 1725 137,
560 1654 580 1717 8
604 1653 681 1716 LBP
704 1653 805 1734 ipsios
827 1654 967 1718 instisme
991 1666 1026 1718 er'
1050 1657 1218 1738 archetypo
1242 1654 1293 1718 de-

159 1767 338 1841 promptum
361 1757 518 1840 praebent,
543 1759 641 1837 ipsium
665 1778 771 1823 omues
794 1762 1010 1834 seruauerunt,
1030 1760 1197 1823 iustissime
1216 1759 1295 1825 bene

160 1864 301 1929 restituit
323 1862 358 1941 Ο,
380 1864 499 1927 irestttie
522 1870 631 1945 parum
650 1883 795 1946 prospere
819 1866 950 1929 correxit
971 1865 1009 1930 R.
1033 1865 1078 1929 ita
1101 1884 1173 1929 curu
1197 1865 1295 1929 omui-

161 1971 220 2034 bus
244 1972 307 2033 tere
332 1971 419 2040 iocis,
444 1969 558 2052 quibus
577 1969 603 2032 P
622 1989 693 2033 cum
713 1971 813 2052 prima
832 1971 980 2033 librorum
1005 1971 1104 2034 classe
1129 1971 1294 2048 consentit,

162 2095 212 2139 res
241 2094 275 2139 se
298 2075 421 2150 habeat,
446 2075 507 2138 iam
531 2094 630 2140 nous
647 2075 851 2153 atuemus‚P
875 2095 910 2138 ex
932 2075 1032 2157 prima
1055 2075 1155 2140 classe
1179 2093 1295 2140 correc-

162 2185 232 2245 tum
256 2199 335 2254 esse,
355 2185 409 2244 sed
435 2181 593 2263 archetypi
618 2182 713 2244 uerba
735 2181 764 2244 in
786 2200 821 2245 eo
846 2180 1074 2261 deprehendere
1096 2180 1186 2244 uobis
1209 2180 1296 2243 uide·

163 2287 267 2350 bimur
290 2305 348 2350 nou
373 2305 496 2366 semper
519 2277 662 2369 genuina,
688 2286 743 2350 aed
765 2293 803 2350 ut
825 2285 887 2349 iam
911 2305 1005 2367 supra
1029 2284 1167 2349 uidimus
1185 2286 1295 2349 miultis

164 2393 285 2456 memtis
317 2393 487 2474 inquinata.
529 2410 629 2472 pauca
655 2395 773 2455 restant
804 2391 944 2471 exempla
976 2409 1054 2472 quae
1087 2390 1147 2454 alia
1177 2391 1297 2454 rationo

165 2497 346 2580 explicanda
368 2498 441 2560 siut.
461 2517 491 2579 p.
518 2497 590 2573 105,
615 2496 634 2558 3
659 2499 712 2577 pro
735 2497 884 2580 queratur,
909 2498 938 2558 iu
964 2496 988 2560 L
1011 2499 1096 2561 extat
1117 2516 1242 2576 qne..
1266 2495 1297 2560 iu

165 2602 190 2665 P
216 2621 289 2666 uero
312 2624 378 2685 pure.
403 2603 432 2666 in
457 2601 586 2683 reliquis
610 2607 752 2684 quiracus
777 2603 826 2664 uei
854 2603 1001 2684 queritur.
1034 2601 1088 2666 ubi
1120 2601 1238 2666 conicio
1265 2602 1299 2665 iu

166 2708 332 2790 archetypo
370 2727 427 2784 poe
463 2706 588 2788 quidem
632 2707 814 2771 mendosum
854 2707 1004 2771 extitisse.
1039 2725 1134 2788 supra
1169 2726 1297 2771 uersum

167 2831 240 2877 uero
265 2813 316 2874 uel
339 2813 371 2876 iu
395 2812 534 2894 margine
557 2815 696 2890 pueram
720 2812 861 2876 additum
882 2812 971 2876 etad
991 2813 1114 2877 codices
1134 2813 1301 2895 utriusque

168 2918 280 2982 classis
307 2922 517 2999 propagatum
544 2915 654 2991 fuisse,
679 2917 739 2980 uisi
767 2921 924 2981 malumus
947 2919 1088 2997 quaritur
1111 2919 1299 2983 emendatio-

169 3042 239 3086 nem
263 3008 396 3085 librariis
421 3021 564 3085 codicum
589 3024 685 3085 trium
708 3021 788 3086 BRO
811 3023 961 3103 tribuere3
986 3023 1056 3087 aliis
1078 3023 1157 3088 loeis
1178 3023 1201 3087 P
1224 3042 1299 3088 casu

167 3128 198 3191 iu
222 3127 344 3190 mendis
368 3146 438 3190 cum
463 3126 488 3189 L
511 3127 563 3190 uel
585 3126 614 3204 R
636 3145 803 3190 consonare
823 3128 958 3192 uidetur.
978 3133 1068 3192 uelut
1087 3149 1116 3211 p.
1140 3130 1213 3198 138.
1234 3129 1252 3192 7
1271 3129 1301 3192 si

170 3234 321 3297 omittunt
342 3232 411 3303 PR:
435 3254 464 3314 p.
492 3233 564 3296 104.
587 3234 603 3294 7
624 3229 704 3318 reor]
727 3252 795 3296 reos
818 3232 882 3307 LP;
910 3234 981 3310 113,
1002 3235 1021 3297 8
1041 3231 1161 3321 etenim]
1186 3239 1215 3298 et
1233 3255 1305 3298 enm

169 3339 258 3403 LBP.

214 3443 337 3523 Quibus
369 3444 446 3507 satis
461 3520 464 3525 ¹
480 3444 650 3525 explanatis
673 3445 698 3508 L
720 3444 838 3527 primae
862 3447 973 3510 classis
996 3446 1123 3516 libum.
1148 3446 1305 3511 secundae

171 3569 245 3614 uero
270 3550 294 3613 P
322 3554 422 3613 testea
451 3549 478 3614 si
501 3551 605 3613 minu.-
628 3552 765 3634 iutegroa
789 3561 928 3615 atcerte
951 3553 1111 3633 simpIieos
1133 3553 1304 3631 iudicasse,

171 3658 283 3720 ceteris
307 3659 344 3720 ut
367 3657 550 3720 emendandi
575 3657 698 3735 cupidis
722 3658 847 3740 saepius
868 3657 959 3722 tidem
984 3678 1044 3722 nou
1066 3659 1214 3723 babuisse
1232 3677 1302 3722 meo

170 3760 238 3824 iure
268 3762 344 3824 iuibi
373 3763 490 3828 uideor.
528 3762 650 3828 subicio
678 3768 781 3827 autem
811 3763 955 3827 codicum
985 3769 1118 3829 stemma
1141 3768 1178 3826 ut
1199 3763 1306 3846 qualis

172 3866 212 3930 iis
235 3868 360 3930 intersit
380 3873 460 3932 ratio
486 3887 545 3933 uno
569 3874 729 3950 tamquam
754 3868 866 3934 obtutu
891 3868 1028 3949 conspici
1053 3869 1171 3951 possit:

205 4302 314 4341 (xxvii.
329 4301 440 4348 Iosephus
454 4313 505 4347 para
520 4306 540 4341 11.
