3036 4756
195 311 326 376 XLVIII
650 261 866 359 ¹Praefatio.

197 502 299 567 minus
330 501 458 566 usitatis
484 500 601 585 largior
626 498 684 563 fui.
718 514 950 577 nonnumquam
984 496 1079 560 etiam
1111 498 1148 560 ut
1181 498 1323 563 codicum

197 609 315 673 classes
334 606 561 690 distinguerem
580 603 805 685 discrepantias
824 620 908 665 mere
923 601 1189 684 orthographicas,
1205 623 1327 685 semper

198 732 272 779 uero
293 731 346 776 eas
364 706 483 787 notaui
502 711 557 774 ubi
577 710 615 773 de
638 727 713 773 casu
736 707 789 772 uel
806 712 945 789 ternpore
965 707 1053 770 uerbi
1072 707 1225 773 dubitatio
1244 710 1326 775 ellici

198 820 321 901 poterat
337 818 428 881 uelut
445 817 477 880 in
496 816 552 879 illa
569 813 725 896 frequenti
739 834 755 876 e
770 814 826 876 eti
845 812 1070 876 elementorum
1090 801 1325 894 permutatione.

199 926 328 988 secutus
351 941 421 986 sum
445 919 698 1004 orthographiam
723 916 901 993 cassiodori
924 922 1026 981 astate
1044 920 1204 996 usitatam,
1225 922 1327 1002 qualis

199 1047 235 1091 ex
258 1027 358 1110 ipsius
381 1030 516 1090 tractatu
539 1023 778 1113 orthographiae
803 1027 835 1088 et
858 1042 893 1087 er
917 1022 1117 1088 celeberrimo
1141 1026 1196 1091 illo
1220 1027 1328 1092 codice

198 1132 403 1197 Ambrosiano
439 1131 559 1196 saeculi
592 1128 677 1194 VH¹¹²¹
698 1147 882 1212 papymceo‚
914 1146 975 1209 quo
1012 1128 1085 1192 libri
1119 1131 1327 1212 Antiquitatis

165 1257 171 1271 ·
198 1236 343 1302 Iudaicae
367 1236 469 1302 v—ll
496 1236 701 1307 continentur,
725 1234 934 1319 cognoscitur.
960 1234 1013 1315 qui
1037 1236 1131 1300 codex
1155 1238 1183 1301 si
1207 1241 1328 1302 certum

200 1361 294 1408 usum
322 1340 451 1425 prodere
479 1341 655 1414 uidebatur,
679 1342 856 1404 constanter
883 1339 1069 1421 scripturam
1092 1342 1160 1406 eius
1184 1345 1329 1424 qiramuis

201 1467 262 1513 non
276 1448 423 1512 traditum
441 1448 472 1511 in
492 1447 581 1511 libris
600 1446 716 1511 nostris
735 1444 957 1509 recentioribus
976 1450 1114 1528 repetere
1133 1450 1219 1513 uolui
1238 1456 1330 1515 uelut

201 1553 232 1618 in
252 1553 390 1632 optinere
410 1551 549 1616 oboedire
571 1555 718 1634 temptum
739 1550 894 1614 sottcumis
916 1552 1084 1630 similibus,
1103 1554 1130 1616 si
1156 1573 1228 1619 uero
1251 1577 1330 1621 usus

201 1660 379 1724 inconstans
415 1657 471 1722 illo
509 1676 587 1722 aeuo
624 1657 715 1721 uelut
749 1656 780 1718 in
821 1658 1104 1739 praepositionibus
1145 1661 1330 1726 assimilatis

203 1764 381 1847 apparebat,
404 1762 549 1827 codicum
573 1760 711 1844 uestigia
731 1761 777 1825 ita
801 1768 929 1825 secutus
957 1780 1038 1839 snm,
1063 1767 1099 1826 ut
1124 1784 1184 1828 non
1209 1768 1330 1830 ueritus

204 1869 263 1933 sim
298 1866 404 1932 eadem
436 1867 468 1931 in
500 1867 624 1950 pagella
654 1865 760 1946 inpius
796 1868 979 1945 etcopiose,
1008 1870 1270 1950 quemammodum
1300 1875 1334 1935 et

203 1972 466 2055 quemadmodum,
494 1971 634 2035 adtinere
661 1974 694 2036 et
715 1973 846 2034 adicem
869 1971 978 2035 eodem
1005 1969 1098 2037 modo
1122 1973 1332 2054 instantem,

204 2099 265 2163 quo
288 2079 320 2143 in
344 2077 452 2144 codice
472 2077 679 2142 Ambrosiano
702 2076 879 2158 promiscue
901 2077 964 2160 legi
989 2082 1099 2142 solent.
1113 2079 1137 2149 ¹>

248 2183 509 2250 Emendationum
546 2183 678 2254 aliorum
714 2187 836 2265 praeter·
872 2188 1015 2247 auctores
1046 2188 1188 2248 ueterum
1221 2187 1333 2251 editio-

204 2290 316 2372 numl)
338 2289 493 2370 imprimis
516 2289 591 2352 mihi
615 2292 738 2370 praesto
757 2292 845 2351 erant
866 2285 1078 2353 Gutschmidii
1097 2290 1333 2356 obseruationes

206 2396 428 2461 commentario
465 2397 570 2459 textus
608 2393 719 2458 Graeci
759 2395 894 2457 insertas
931 2394 1056 2474 illicias
1097 2395 1252 2459 Schriften
1288 2397 1333 2460 IV

205 2521 236 2585 p.
256 2500 453 2581 336-589),
473 2499 584 2563 deindo
601 2499 765 2563 Benedicti
782 2499 888 2573 Nisse,
908 2518 985 2581 quas
1008 2500 1121 2583 partim
1147 2501 1176 2565 in
1197 2503 1335 2566 editione

206 2606 278 2670 libri
292 2604 414 2683 Gracci,
434 2605 545 2688 partim
564 2605 680 2669 litteris
699 2605 736 2697 ad
755 2624 805 2668 me
824 2605 906 2669 datis
926 2607 1181 2671 communicauit.
1201 2606 1336 2688 denique

207 2711 331 2777 Ottouis
346 2710 516 2788 (luenthen
531 2711 670 2793 collegae
687 2711 893 2796 Berolinensis
914 2730 995 2775 nunc
1014 2710 1208 2776 Godauensis
1222 2712 1338 2776 litteris

206 2817 284 2881 mihi
299 2817 424 2894 missae,
439 2809 571 2897 quarum
585 2816 709 2897 quidem
724 2816 755 2880 in
771 2816 919 2880 addendis
932 2817 1185 2898 supplementum
1202 2817 1337 2885 subicio.

251 2920 363 2985 Restat
383 2920 445 2984 iam
469 2925 506 2985 ut
528 2921 584 2996 sis,
608 2921 660 3002 qui
684 2940 734 2984 mo
757 2921 788 2984 in
812 2926 960 3003 apparatu
984 2903 1169 3004 colligendo,
1192 2922 1223 2984 iu
1248 2926 1335 2986 textu

209 3025 395 3100 adornando,
419 3025 450 3089 iu
474 3025 612 3108 plagulis
641 3026 830 3108 corrigendis
858 3026 1008 3091 beneuole
1032 3036 1064 3090 st
1086 3028 1226 3092 studiose
1251 3029 1329 3090 adiu·

208 3134 332 3205 uerunt,
358 3131 474 3212 gratias
497 3150 583 3195 meas
606 3131 746 3196 referam.
768 3132 849 3194 inter
872 3151 949 3213 quos
972 3132 1064 3216 longe
1092 3133 1212 3214 primus
1240 3134 1339 3197 norni-

208 3236 328 3300 nandus
357 3239 405 3300 est
432 3236 621 3301 Benedictus
651 3236 746 3301 Niese
775 3256 875 3312 meus,
900 3238 953 3317 qui
980 3257 1039 3302 non
1069 3238 1169 3303 solum
1200 3239 1338 3302 edendae

210 3341 337 3422 Iosephi
360 3360 487 3421 oporam
511 3343 664 3406 uersiouis
688 3343 814 3406 Latinas
837 3344 915 3407 mihi
938 3349 1047 3408 arrctor
1069 3345 1138 3423 tuit,
1163 3345 1219 3407 sed
1242 3345 1338 3408 etium

212 3466 290 3529 quse
314 3447 446 3511 collecta
468 3446 603 3511 hahebat
628 3449 657 3511 in
678 3467 782 3512 meum
801 3467 894 3512 usum
914 3451 1077 3514 concessit.
1096 3456 1163 3514 turn
1185 3451 1215 3513 in
1234 3469 1337 3514 emen·

211 3551 312 3616 dando
336 3558 368 3615 et
391 3552 569 3635 corrigendo
589 3572 713 3635 semper
731 3554 861 3618 consilio
882 3559 915 3619 et
932 3556 1048 3639 ingenii
1067 3556 1209 3619 acumine
1228 3557 1323 3619 auxili

259 3737 278 3802 ¹)
299 3736 331 3792 ol.
347 3737 373 3789 in
393 3735 486 3790 tabula
504 3738 787 3808 photolithographica
802 3741 858 3811 (td)
873 3757 903 3795 ex
923 3743 1012 3797 codice
1027 3743 1202 3809 hnnhrosiano
1221 3759 1236 3795 a
1255 3743 1342 3796 sorie-

212 3829 269 3879 tute
288 3825 512 3894 palaeographica
528 3825 642 3894 Anglica
660 3826 820 3897 reproducta
839 3845 905 3882 uers.
923 3831 954 3884 10
972 3832 1130 3900 inpietatem
1149 3838 1177 3884 et
1194 3831 1228 3885 28
1245 3831 1340 3898 inspis-

213 3913 324 3968 tutibus.

258 3999 278 4058 ²,
299 4001 428 4070 imprimis
450 4001 601 4056 laudandae
623 4005 686 4055 sunt
709 4002 769 4059 edd.
789 4003 907 4058 Venetae
925 4007 988 4059 anni
1008 4006 1083 4060 1486.
1106 4008 1172 4061 1502
1191 4010 1232 4071 (ut
1249 4007 1342 4060 monui

213 4104 261 4158 pro
282 4088 349 4141 1510
368 4089 394 4142 in
414 4094 543 4158 apparatu
561 4091 694 4160 ponenda)
708 4090 915 4146 Medi-lanensis
930 4096 991 4147 anui
1009 4095 1083 4156 1513,
1102 4094 1151 4147 loh
1167 4095 1241 4148 Sohii
1256 4094 1343 4149 editio

213 4174 380 4230 coloniensis
399 4179 462 4230 anni
485 4179 559 4240 1524,
578 4178 756 4246 uituperanda
774 4181 863 4248 potius
882 4198 914 4235 ea
932 4182 1073 4250 Sigrnundi
1090 4181 1203 4238 Gelenii.
