3036 4756
231 289 294 360 128
369 286 512 345 Contra
536 285 721 357 Apionem
742 287 1232 358 11,aea-asa(xxx1lnxxx1v)

230 480 320 547 nobis
351 479 515 564 legislator
545 479 706 546 interdixit
736 485 863 564 propter
893 481 995 564 ipsam
1027 484 1268 567 appellationem
1299 485 1359 551 dei.

143 590 207 659 288
230 586 466 655 accusatoribus
485 588 590 651 numm
608 586 816 668 proiectiones
835 607 909 654 suae
929 608 985 654 noa
1003 590 1161 673 increpare
1179 589 1360 657 nolentibus

230 692 395 761 tacendum
418 712 478 757 non
501 697 561 770 est,
584 711 656 759 cam
677 693 788 777 ntique
810 713 870 759 non
895 688 913 759 a
935 695 1025 761 nobis
1048 714 1130 761 nnnc
1153 714 1254 762 sermo
1277 714 1361 761 com-

230 797 355 883 positus
383 815 436 862 eos
464 815 592 881 arguere
623 797 777 876 uideatur,
806 799 862 864 sed
884 817 903 863 a
924 798 1034 865 multis
1065 800 1268 883 probabiliter
1297 800 1361 864 iam

144 906 208 974 282
230 900 433 988 praemissus.
466 901 537 984 qnia
568 902 666 986 igitur
697 921 815 978 eorum,
839 903 894 986 qni
925 903 1008 985 apnd
1040 903 1177 970 Graecos
1208 904 1362 986 sapientia
1392 926 1407 966 s

232 1009 309 1073 eunt
333 1005 502 1084 mirabiles,
529 1025 589 1071 non
616 1008 777 1092 redarguit
799 1011 831 1072 et
853 1008 1067 1074 nobilissimos
1088 1013 1197 1091 poetas
1220 1012 1253 1075 et
1273 1027 1360 1092 prae·

232 1111 342 1195 oipnos
364 1111 572 1196 legislatores,
590 1113 736 1195 qnoniam
755 1113 937 1179 huiusmodi
956 1117 1059 1180 sectas
1077 1113 1117 1179 de
1135 1113 1195 1180 diis
1214 1114 1253 1180 ab
1269 1115 1359 1182 initio

145 1221 210 1288 240
232 1218 358 1300 populis'
388 1218 595 1293 inseruerunt,
624 1218 762 1284 dicentes
791 1237 844 1284 eos
872 1237 1045 1284 enumero
1072 1219 1199 1303 quidem
1226 1224 1360 1303 maantos

232 1322 294 1407 ipsi
325 1324 504 1400 noluerunt,
537 1341 571 1387 en
608 1323 767 1389 alterutris
805 1342 879 1389 aero
912 1328 945 1389 et
975 1325 1109 1390 diuersis
1140 1325 1370 1391 natiuitatibus·

232 1430 433 1513 procreatos?
455 1427 513 1492 hos
541 1431 645 1493 autem
673 1428 849 1494 diuidentes
876 1428 955 1494 locis
982 1429 1171 1495 habitaculis
1201 1435 1361 1514 tamquam
1379 1453 1407 1494 ao

234 1532 449 1617 generationes
471 1532 654 1598 animalium
675 1533 757 1625 alios
780 1534 907 1617 qnidam
930 1533 990 1600 snb
1012 1539 1104 1614 terra,
1128 1535 1206 1601 alios
1222 1535 1255 1600 in
1272 1536 1362 1614 mari,

147 1642 209 1707 241
234 1638 371 1704 seniores
390 1640 497 1703 autem
515 1657 623 1703 eornm
640 1639 672 1703 in
690 1642 807 1704 tartaro
825 1640 950 1706 uinctos
968 1659 1039 1706 esse
1057 1641 1213 1718 dixerunt;
1233 1640 1362 1725 quibus·

234 1761 369 1827 cumque
405 1747 511 1810 autem
547 1743 777 1810 distribuerunt
812 1746 943 1822 caelum,
980 1746 1030 1811 his
1062 1764 1204 1812 sermone
1235 1746 1362 1830 quidem

233 1851 366 1933 patrem,
403 1849 549 1931 operibus
586 1853 692 1915 antem
726 1853 893 1934 tyrannum
929 1854 1023 1934 atque
1060 1851 1220 1917 dominnm
1258 1870 1363 1935 snper·

234 1957 415 2037 posuerant.
446 1955 610 2037 propterea
636 1955 787 2022 maerens
810 1975 882 2021 enm
905 1957 1137 2023 constituerunt
1156 1957 1287 2022 insidias
1309 1977 1364 2040 per
1379 1983 1406 2022 aa

235 2077 360 2124 uxorem
398 2064 431 2126 et
463 2061 591 2127 fratrem
621 2065 654 2128 et
683 2061 792 2139 filiam,
824 2083 918 2147 qnam
950 2083 987 2128 ex
1017 2064 1086 2129 eins
1108 2063 1231 2148 tingunt
1260 2063 1363 2146 capite

235 2168 425 2249 generatam,
460 2169 497 2232 ut
533 2156 698 2252 alligantes
736 2187 809 2234 eum
843 2169 1062 2252 appenderent,
1094 2171 1179 2235 sicut
1208 2170 1278 2254 ipse
1307 2168 1363 2234 ille

236 2288 329 2336 snum
350 2270 467 2336 dieitur
487 2276 638 2355 patrem,

150 2379 214 2445 242
282 2376 428 2444 XXXIV.
457 2378 544 2443 Haec
574 2378 659 2444 iuste
690 2379 889 2445 accusatione
922 2379 1016 2464 digna
1047 2383 1277 2462 conqueruntur
1309 2381 1363 2462 qui

236 2481 408 2565 sapientiae
439 2482 557 2548 uirtute
587 2484 789 2565 praecellunt,
823 2485 953 2569 insuper
981 2485 1058 2550 haec
1089 2484 1264 2552 deridentes
1300 2485 1363 2550 adi-
1380 2507 1408 2548 aa

326 2724 403 2786 LBR.
423 2724 474 2789 ΟΡ,
493 2739 518 2780 s.
539 2755 570 2766 -
590 2727 621 2788 A,
642 2724 683 2780 ed.
702 2742 741 2794 pr.

274 2901 288 2952 1
303 2897 358 2969 dei]
374 2897 434 2954 dee
474 2899 490 2952 2
502 2899 682 2968 proiectiones
695 2901 768 2968 snas]
782 2897 824 2951 ded
837 2906 885 2970 τῆς
899 2897 1126 2971 ἀντιπαραθέσεως
1179 2903 1240 2972 nos]
1251 2901 1365 2956 nobisR

237 3000 327 3041 none
402 2986 497 3040 dcam
515 2985 662 3054 ntique-5
680 2977 852 3057 praemissus]
873 2986 1168 3056 mendompraeoeta
1242 2988 1329 3052 nobis,
1347 3006 1365 3043 n

237 3073 269 3127 ἐκ
286 3089 341 3128 rae.
360 3071 388 3125 B
471 3075 488 3127 4
506 3071 649 3126 uideantur
667 3073 720 3126 LB
790 3074 975 3144 probabiliter]
994 3073 1039 3126 aad
1055 3072 1112 3127 λίαν
1131 3073 1366 3148 ιῦδοκιμοῦντοςΔ

238 3160 302 3215 det
319 3176 371 3215 osa.
384 3160 429 3216 Le
446 3160 638 3214 inobilissimos
652 3148 703 3214 Ι,Ι
748 3162 921 3231 praeeipnee
975 3161 1099 3217 'ideise
1151 3162 1306 3217 8dicentes
1320 3179 1366 3217 eos

243 3251 362 3311 (autem)
375 3247 446 3303 LBe
464 3247 583 3302 dicentes
595 3250 715 3307 (anum)
729 3265 773 3302 eos
792 3248 819 3303 R
873 3249 898 3318 e]
917 3248 994 3304 codd.
1008 3263 1034 3315 e,
1049 3249 1164 3304 mnieic:
1179 3266 1238 3304 esse
1291 3251 1308 3304 9
1327 3251 1365 3320 et]

240 3360 388 3431 disposuit
404 3361 432 3417 R
487 3363 520 3416 10
537 3328 674 3431 proerdtoa
687 3360 714 3414 L
783 3364 886 3432 autem]
901 3361 929 3415 dt
942 3362 987 3414 act
1055 3362 1229 3434 habitaculis]
1243 3363 1287 3416 aad
1304 3362 1366 3416 teat-

239 3468 295 3514 ταις
350 3451 383 3504 12
402 3450 504 3518 eorum]
523 3465 574 3504 om.
592 3448 620 3504 R
690 3450 803 3519 tartaro]
823 3466 856 3504 es
875 3449 989 3504 Graecis
1004 3450 1113 3518 scripse,
1132 3453 1248 3504 tartams
1265 3450 1370 3504 LBOP

239 3540 370 3593 mnarum
387 3536 415 3592 R
433 3536 542 3591 tartaris
561 3551 578 3592 s
667 3553 728 3612 esse
744 3537 877 3607 dixerant]
896 3537 972 3592 obeat
989 3554 1009 3592 a
1028 3537 1142 3592 Graecia
1213 3539 1247 3593 13
1265 3539 1367 3607 antem]

239 3641 326 3682 osae
398 3625 510 3694 caelum]
529 3624 636 3678 celliam
658 3624 826 3694 caelans
855 3624 900 3692 θ’)
919 3625 1014 3680 celime
1027 3625 1056 3679 P
1124 3623 1218 3697 {Iso
1270 3628 1303 3680 14
1321 3626 1368 3680 do·

239 3715 351 3784 minum]
369 3730 429 3782 sup.
447 3727 517 3768 cers.
537 3713 602 3768 odd.
624 3712 657 3766 0²
727 3716 927 3784 supposuerunt
943 3713 971 3768 R
1039 3713 1218 3768 sordueram
1237 3715 1309 3783 enm]
1329 3711 1368 3766 ie’

240 3797 317 3855 ababa
335 3802 375 3856 ed.
392 3818 436 3870 pr.
455 3800 495 3854 ὑπ’
515 3798 642 3855 mamad
714 3802 746 3856 le
772 3802 859 3871 capite
878 3802 984 3870 lingunt
1001 3806 1034 3858 tr.
1053 3816 1071 3857 e
1158 3801 1275 3870 fingunt]
1295 3801 1370 3856 odeat

241 3906 260 3943 a
280 3890 393 3944 Graecis
482 3890 515 3943 ll
541 3889 718 3959 alligantes..
730 3931 736 3943 .
747 3889 941 3960 appenderent]
965 3887 1138 3957 συλλαβόντες
1149 3929 1155 3942 .
1166 3929 1172 3943 .
1183 3887 1369 3959 ,καθείρξωσιν

275 3979 485 4048 alligatensese
592 3977 786 4048 appenderent]
809 3977 959 4040 mmdoact,
984 3974 1149 4045 appenderet
1169 3976 1198 4029 B
1219 3974 1370 4045 appendere

240 4066 365 4122 LReOP
432 4066 466 4120 18
484 4065 593 4135 dicitnr]
612 4065 678 4119 odd.
696 4066 829 4134 temptes
899 4064 1094 4120 accusatiornm
1110 4063 1139 4117 P
1199 4064 1234 4118 20
1250 4063 1369 4132 insuper]

240 4155 270 4210 hi
288 4171 369 4224 super
385 4154 411 4207 L
429 4154 473 4208 bic
491 4170 571 4224 super
589 4169 606 4210 s
676 4153 753 4223 baec]
773 4170 824 4223 cm,
842 4151 870 4207 R
887 4153 939 4206 hoc
956 4152 984 4206 P
1053 4150 1200 4207 adicientes
1220 4150 1244 4205 0
