3036 4756
637 310 850 364 Praefatio.
1238 314 1310 381 XLI

180 502 373 586 Aegyptiace
394 502 531 584 prolerre
555 520 614 565 non
638 520 779 582 possum.
804 521 883 583 quae
906 521 980 567 uero
1005 504 1088 586 apud
1110 504 1309 586 interpretem

182 611 269 673 suut:
293 627 372 686 qnos
393 628 455 671 non
477 606 673 670 arbitrantur
695 607 906 672 commendare
928 628 1007 688 quoae
1023 613 1131 673 nostra
1147 616 1230 686 eunt,
1249 612 1310 676 nisi

182 714 423 797 cognouerimus
455 713 656 794 interpretem
688 731 744 794 pro
772 706 832 798 οὐχ
858 712 919 776 οἷον
945 735 977 776 τε
1004 713 1035 777 in
1064 716 1230 798 exemplari
1252 735 1310 781 suo

182 813 240 903 οὐχ
271 817 364 882 ciente
392 816 454 904 (sio
476 815 519 901 A)
548 817 664 900 legisse
693 822 725 882 et
751 812 807 881 obn
828 815 938 881 οἴονται
958 799 1161 894 intellexisse,
1185 820 1310 885 omuino

181 923 323 1009 intellegi
349 926 520 1005 nequeunt.
554 922 651 987 simili
676 921 769 987 modo
793 942 823 1004 p.
848 925 900 1001 61,
927 926 941 986 1
966 924 1112 1005 insana
1132 930 1206 988 sunt
1232 926 1312 990 redit

181 1028 220 1091 ad
239 1021 441 1114 ἐνεγράφησαν
460 1047 515 1110 pro
534 1024 734 1114 ἐνετράρησαν
752 1027 870 1092 lectum
884 1031 936 1094 uel
949 1029 1161 1107 intellectum
1180 1030 1311 1095 ridicule

181 1154 255 1198 uero
271 1155 301 1217 p.
318 1135 349 1211 8,
367 1135 406 1198 12
424 1152 503 1215 quae
519 1133 614 1198 codex
628 1132 775 1197 mendose
792 1133 821 1196 ei
834 1131 1004 1218 Δράκοντος
1017 1137 1081 1218 περὶ
1099 1146 1155 1199 τοῖν
1175 1138 1311 1219 peretrum

182 1258 236 1321 pro
260 1240 325 1321 περὶ
345 1247 402 1300 τῶν
421 1249 548 1327 ρονιιιῶν
566 1238 713 1321 praebuit
731 1238 822 1303 nobis
840 1239 1004 1303 transtulit
1016 1239 1047 1304 in
1063 1241 1154 1305 haec:
1167 1238 1312 1302 Dracone

184 1365 222 1407 aa
245 1343 457 1407 Phoenicibus.
481 1364 510 1426 p.
537 1345 610 1421 103,
634 1344 654 1408 8
677 1362 752 1408 uero
776 1338 809 1405 rin
835 1346 904 1408 eost
928 1344 1011 1428 apud
1033 1344 1193 1410 librarium
1219 1342 1313 1410 Grae·

183 1469 255 1513 oum
279 1449 310 1512 in
342 1450 463 1512 σονδιῖει
495 1447 551 1534 (Α)
585 1448 671 1524 abiit,
704 1456 742 1512 ut
773 1469 834 1513 non
866 1450 1026 1528 miremur,
1055 1450 1138 1533 quod
1165 1450 1196 1514 in
1223 1451 1311 1514 textu

181 1554 291 1619 Latino
315 1574 383 1618 cum
406 1554 471 1618 cis.
488 1603 495 1619 .
512 1553 712 1636 ‚sacrificare
734 1553 924 1618 inuenimus.

223 1659 304 1724 Aliis
335 1659 414 1724 locis
447 1661 509 1726 etsi
539 1660 617 1724 talia
635 1660 786 1742 uestigia
819 1661 849 1723 in
883 1659 912 1722 Λ
944 1679 1004 1725 non
1037 1660 1310 1743 deprehendimus,

181 1765 301 1829 similos
325 1764 392 1829 eius
416 1785 534 1831 errores
558 1757 595 1829 ex
619 1763 746 1830 Graecis
768 1765 933 1847 irrepsisse
956 1766 1022 1830 sine
1051 1765 1145 1831 dubio
1173 1769 1311 1831 statuen-

182 1869 257 1934 dum
281 1874 340 1947 est,
361 1871 454 1934 uelut
476 1891 507 1952 p.
533 1872 585 1949 12,
612 1872 651 1934 14
684 1871 805 1935 credere
836 1890 908 1936 cum
940 1871 1055 1935 habeat
1085 1873 1229 1935 πιθέσθαι
1254 1888 1309 1953 pro

181 1975 334 2038 πυθέσθαι
355 1975 555 2057 interpretem
578 1976 697 2059 legisse
719 1975 880 2059 probabile
904 1980 962 2054 est,
982 1977 1035 2041 uel
1057 1997 1088 2060 p.
1112 1976 1165 2049 46,
1190 1978 1209 2040 6
1231 1994 1310 2041 uoce

180 2078 355 2144 interimere
381 2080 421 2145 ad
448 2078 561 2145 ἀνελεῖν
589 2101 649 2146 uon
677 2080 717 2145 ad
739 2080 882 2146 ἀποπλεῖν
907 2082 1061 2159 ducimur,
1084 2082 1137 2146 uel
1159 2101 1189 2164 p.
1214 2083 1266 2157 81,
1290 2081 1309 2144 9

180 2205 244 2248 non
261 2185 434 2266 parari-inm
456 2188 571 2250 donum
593 2187 733 2270 legentes
756 2187 942 2272 negabimus
963 2188 1124 2270 interpreti
1148 2191 1219 2251 aute
1237 2205 1311 2251 ocu-

181 2290 228 2355 los
246 2291 346 2356 fuisse
365 2286 400 2355 ad
415 2301 520 2376 μικροῦ
540 2293 608 2357 δεῖν.
623 2295 713 2376 plone
731 2311 844 2358 nouam
865 2293 1051 2359 sententiam
1071 2311 1126 2375 pro
1140 2291 1310 2368 Flauianis,

182 2414 261 2477 quae
288 2401 432 2479 corrupte
459 2398 575 2461 tradita
600 2397 782 2480 intellegere
810 2416 870 2462 non
896 2399 1043 2479 potuerat
1068 2398 1220 2479 interpres
1250 2395 1309 2461 sibi

182 2501 391 2566 conformabit
421 2522 452 2583 p.
477 2503 530 2579 99,
557 2504 596 2565 12
627 2503 723 2566 nimie
748 2502 845 2586 igitar
870 2502 943 2566 baec
968 2503 1107 2566 marinna
1133 2504 1310 2582 compositio

182 2608 274 2671 etnam
301 2609 335 2670 in
354 2607 467 2691 futuro
494 2608 627 2672 rimanda
649 2607 787 2688 Apionis
812 2609 1027 2673 ammiratione
1049 2609 1242 2692 dignissimo·
1255 2612 1310 2686 cst,

181 2713 235 2777 ubr
258 2712 370 2777 erroris
392 2716 554 2795 tamquam
577 2714 647 2777 fons
670 2713 751 2778 illud
773 2716 944 2787 συνθέσεως
965 2733 1020 2797 pro
1045 2718 1192 2789 contero<
1215 2713 1310 2778 etiam

182 2819 282 2884 codici
304 2817 334 2881 Λ
357 2819 510 2884 traditum
533 2818 695 2883 habendus
719 2822 777 2883 est.
802 2821 896 2902 atqrre
922 2838 953 2902 p.
979 2820 1032 2896 83,
1057 2821 1075 2883 7
1105 2819 1217 2884 erroris
1244 2820 1311 2884 ion-

181 2929 246 2988 tem
276 2925 308 2989 iu
341 2944 377 2990 eo
405 2925 483 2989 milri
512 2924 621 2990 uideor
646 2925 816 3001 inuenisse,
841 2924 924 3006 quod
952 2924 1047 2989 codex
1070 2925 1232 3008 interpreti
1254 2943 1309 3006 pro

182 3027 297 3093 απῖιονα
315 3030 478 3095 tradiderit
496 3026 589 3104 ἅτινα,
608 3030 663 3095 ubi
682 3029 859 3095 consideres
878 3048 1006 3110 quaeso,
1026 3049 1088 3111 quo
1107 3030 1212 3096 studio
1231 3048 1311 3112 quoe

180 3135 248 3217 ipse
276 3154 336 3200 non
364 3136 520 3200 intellexit
546 3135 644 3199 uerba
671 3154 799 3216 prorsus
832 3135 940 3200 eodem
973 3136 1080 3200 ordine
1113 3135 1167 3218 qui
1199 3139 1249 3200 est
1277 3134 1310 3199 iu

183 3239 311 3307 Graecis
348 3241 531 3306 reddiderit:
570 3238 703 3304 ‘Aniena
738 3241 822 3305 enim
853 3240 885 3302 δὲ
917 3239 1026 3327 σχεδον
1062 3239 1169 3328 ipsit<
1203 3243 1310 3311 πάντες

181 3343 293 3409 ἔλαθον
330 3343 358 3409 οἱ
387 3355 444 3409 τῶν
471 3350 623 3430 προγονων
651 3339 741 3408 αὐτοῦ
768 3343 951 3409 Μακεδόνων
984 3346 1115 3428 βασιλεῖς
1146 3342 1310 3407 οὶκειοτατα

180 3452 256 3534 πρὸς
276 3447 358 3535 ἡμᾶς
380 3453 563 3521 διατεθέντες
586 3452 633 3516 sic
656 3453 767 3515 uertit:
799 3470 877 3530 arrae
896 3471 998 3531 paene
1020 3469 1123 3514 omnes
1143 3450 1178 3513 in
1202 3446 1309 3511 ordinae

174 3556 387 3636 progenitores
403 3557 470 3620 eins
489 3555 696 3620 Macedonum
718 3575 803 3638 repes
825 3557 1047 3639 ignora-nerunt
1068 3554 1209 3618 babentes
1226 3553 1310 3616 eirca

180 3679 238 3724 noe
253 3661 459 3741 praecipuum
479 3662 711 3742 familiaritatis
733 3662 884 3745 affer-inm.
908 3661 963 3726 sed
984 3662 1115 3746 longum
1139 3664 1188 3724 ost
1210 3658 1310 3721 multa

182 3784 332 3842 enarrare,
356 3786 435 3849 quae
459 3769 590 3834 cuilubet
613 3787 649 3832 ex
676 3769 759 3832 notis
782 3769 861 3832 meis
884 3767 975 3832 facile
999 3764 1147 3849 colligere
1170 3765 1245 3828 licet
1268 3764 1308 3828 cf.

182 3872 234 3944 38,
258 3871 288 3937 8.
314 3874 364 3939 16.
392 3875 444 3942 42.
469 3877 500 3941 5.
528 3877 581 3952 45,
606 3876 636 3940 9.
667 3876 739 3951 105,
763 3877 815 3941 20.
847 3876 919 3951 123,
945 3874 1105 3950 16-124,
1130 3874 1159 3939 6.
1191 3870 1263 3948 133,
1288 3871 1308 3934 3

183 3978 432 4058 -10.139,1.
