3036 4756
421 342 567 399 (lontra
594 343 777 413 Apionam
799 341 1108 410 1,2la-247(xxvl)
1283 345 1324 408 55

191 556 262 601 rum
299 535 441 600 audisset
475 535 680 613 inuasionam,
717 555 778 600 non
813 535 1013 600 mediocriter
1047 535 1232 599 uulneratus
1265 537 1323 607 est,

192 643 268 707 dum
295 640 519 720 recordaretur,
548 641 631 723 quod
660 641 688 706 ei
720 640 913 725 praedixerat
943 640 1114 706 Amenofis·
1135 639 1259 722 Papiae.
1293 641 1325 702 et
1347 637 1412 702 244

192 749 329 832 primum
347 746 472 829 quidam
492 764 686 830 congregans
704 747 927 831 Aegyptiarum
947 747 1071 831 plebem
1090 745 1173 810 facto
1193 743 1323 809 consilio

192 873 264 918 cum
295 852 491 934 principibus
524 871 633 917 aarum
661 853 808 918 animalia
836 872 924 917 sacra
951 857 983 916 et
1010 870 1089 934 quae
1116 851 1324 932 praecipuae

159 957 408 1024 osaccrdotibus
443 957 686 1038 honorabantur,
724 961 793 1023 ante
834 957 996 1039 praemisit
1035 961 1067 1021 et
1108 955 1323 1021 sacerdotibus

189 1061 420 1144 particulariter
441 1062 546 1139 iussit,
570 1047 606 1125 ut
628 1061 796 1127 simulacra
819 1062 946 1126 deorum
971 1065 1062 1126 cauta
1085 1061 1231 1125 celarent.
1264 1059 1322 1122 fiti-
1345 1061 1409 1125 245

190 1188 243 1232 um
267 1185 340 1232 uero
366 1167 544 1244 sathanam,
569 1167 624 1249 qui
647 1167 741 1233 etiam
759 1168 904 1232 Ramessi
923 1186 941 1230 a
959 1168 1062 1249 Rapsa
1081 1166 1179 1250 patris
1198 1165 1321 1230 nomine

188 1273 371 1349 uocabatur,
395 1291 467 1336 curn
490 1273 625 1354 quinque
649 1276 734 1338 esset
756 1259 917 1347 annorum,
942 1272 1025 1355 apud
1049 1292 1142 1337 suum
1167 1289 1320 1336 commen·

190 1377 278 1442 dauit
299 1378 447 1443 amioum.
472 1378 540 1460 ipse
563 1396 638 1442 uero
662 1379 816 1443 transiens
839 1398 911 1443 oum
936 1379 1006 1444 aliis
1029 1377 1196 1462 Aegyptiis
1219 1395 1320 1459 usqua

145 1508 170 1548 no
188 1483 227 1547 ad
254 1487 394 1547 trecenta
421 1483 509 1547 milia
536 1483 677 1548 uirorum
704 1484 910 1549 bellatoribus
942 1485 1019 1548 uiris
1053 1502 1216 1550 occurrens
1249 1501 1319 1548 oon·

188 1607 316 1672 gressus
339 1607 399 1652 non
423 1591 480 1653 eat.
504 1591 618 1670 putans
642 1589 725 1654 anim
749 1592 849 1655 samet
875 1589 980 1671 ipsum
1008 1591 1115 1655 contra
1138 1589 1231 1653 deum
1263 1608 1318 1672 pu·
1341 1589 1405 1654 246

186 1712 281 1777 gnare
303 1695 376 1776 post
398 1695 522 1777 tergum
546 1712 691 1761 reuersus
715 1694 803 1758 uenit
825 1694 864 1759 ad
887 1694 1002 1759 Menfin
1027 1698 1058 1759 at
1086 1712 1214 1759 sumens
1236 1695 1317 1777 Apin

187 1801 219 1862 ct
250 1798 311 1862 alia
343 1817 432 1864 sacra
459 1819 530 1864 mox
552 1799 584 1863 in
611 1799 810 1881 Aethiopiam
839 1819 911 1864 curn
938 1799 1095 1865 uniuersis
1123 1799 1258 1864 nauibus
1286 1802 1318 1863 et

185 1904 388 1969 multitudine
416 1906 505 1970 uenit
529 1905 772 1989 Aegyptiorum
800 1925 856 1989 per·
882 1906 1013 1990 gratiam
1041 1924 1176 1987 namque
1201 1907 1266 1969 erat
1288 1904 1316 1968 ei

143 2034 167 2076 a
185 2009 346 2076 subiectus
382 2011 607 2094 Aegyptiorum
643 2030 705 2076 rer.
734 2010 788 2092 qui
824 2011 1000 2094 suscipiens
1033 2011 1128 2076 etiam
1163 2011 1315 2093 populum
1338 2009 1403 2077 247

185 2114 369 2179 uniuersum
414 2115 559 2198 praebuit
598 2116 748 2180 alimento
787 2117 967 2182 hominibus
1008 2115 1193 2194 necessario,
1235 2134 1314 2198 quaa

183 2220 346 2301 prouincia
375 2220 582 2300 ministrabat,
612 2224 643 2286 at
670 2221 816 2288 ciuitates
845 2241 880 2287 ac
902 2223 990 2288 uicos
1017 2221 1178 2298 tredecim,
1207 2224 1314 2303 quate·

184 2344 243 2391 nus
271 2325 316 2391 eis
345 2326 399 2407 qui
425 2325 550 2390 fuerant
577 2326 614 2391 da
640 2346 735 2412 regno
767 2329 852 2411 pulsi
884 2328 1076 2404 sufficerent3
1108 2326 1312 2391 nihilominus

271 2549 349 2609 LBR,
369 2548 421 2612 ΟΡ,
440 2565 466 2606 e.
488 2580 519 2590 -
538 2554 570 2613 A,
589 2550 630 2604 ed.
649 2569 689 2622 pr.

221 2691 233 2743 1
254 2690 410 2744 uulneratus
429 2693 481 2760 est]
503 2690 643 2763 accepit-m
663 2694 723 2746 alia
738 2693 830 2761 topicae
841 2692 951 2746 uidetur·
962 2693 993 2746 κ’κκ
1005 2708 1055 2746 suo
1069 2689 1217 2759 exemplari
1229 2690 1312 2742 irater·-

179 2794 244 2846 prea
298 2778 443 2848 2Papiae]
461 2777 581 2840 Παάκιος
635 2780 793 2850 3primurn]
814 2779 936 2850 πρότερον
989 2780 1196 2848 congregatisa
1250 2794 1311 2830 cou-

184 2867 260 2922 acilio
278 2867 305 2919 B
324 2867 437 2920 concilio
455 2867 484 2922 R
563 2869 580 2921 4
603 2869 640 2938 et]
660 2869 735 2923 abeat
753 2885 771 2921 a
792 2868 906 2922 Graecis
994 2869 1073 2937 quae]
1093 2883 1143 2921 oni.
1162 2865 1223 2928 ΕΡ,
1240 2865 1313 2918 inter

182 2970 252 3008 aera.
271 2945 336 3007 aaa.
355 2955 382 3008 L
430 2956 572 3026 praecipue
587 2972 655 3025 quac
675 2957 754 3010 tat)
804 2957 956 3026 praecipue]
975 2963 1064 3026 πρῶτα
1082 2952 1192 3026 μάλιστα
1246 2953 1271 3021 a]
1289 2969 1311 3006 a.

182 3057 253 3096 caera.
272 3042 336 3095 add.
356 3043 383 3096 L
401 3060 451 3097 ona.
468 3043 525 3098 ΕΡ
610 3062 626 3098 a
644 3044 836 3113 sacerdotibus]
856 3041 883 3096 ἐν
901 3051 954 3105 τοῖς
973 3041 1049 3114 ἱεροῖς
1121 3046 1137 3097 5
1156 3044 1217 3095 ante
1236 3057 1311 3111 prae·

183 3131 268 3199 misit]
289 3128 326 3191 ὡς
343 3130 460 3199 γ’ἒαυτὸν
478 3131 666 3202 μετεπέμψατο,
685 3133 718 3186 ad
738 3149 766 3186 se
785 3132 924 3203 praemisit
941 3132 1045 3186 condio
1107 3131 1123 3184 6
1143 3130 1262 3197 deorum]
1280 3145 1313 3183 aa

186 3244 233 3299 Gr.
247 3251 298 3295 τῶν
307 3246 380 3296 θεῶν
393 3244 544 3308 coroadam,
559 3261 649 3299 eorum
664 3247 741 3301 codd.
756 3262 773 3302 a
826 3214 974 3301 cellrentur
987 3247 1014 3317 (a
1026 3261 1047 3300 a.
1061 3243 1110 3312 1a2)
1124 3244 1152 3298 R
1206 3245 1220 3297 7
1241 3242 1311 3295 libor

218 3333 314 3385 ramosi
332 3332 359 3386 R
442 3325 576 3404 Ῥαψηοῡς
639 3333 672 3388 10
690 3337 841 3403 occurrens]
862 3334 1024 3406 ἁπανκήπασι
1042 3334 1063 3386 A
1126 3334 1156 3387 ll
1177 3333 1241 3401 nou]
1261 3347 1312 3386 ona

183 3419 263 3474 ROP
315 3419 403 3489 deum]
424 3419 467 3473 dm
481 3421 535 3474 LB
589 3422 622 3476 12
640 3426 796 3492 postergum
811 3423 865 3476 BP
916 3422 1025 3491 blentina}
1040 3422 1145 3476 LBOP
1158 3420 1272 3474 menedu
1287 3420 1313 3473 a

218 3507 288 3576 Apin
309 3511 336 3560 et
354 3507 419 3575 alia]
440 3508 586 3578 apinetalia
604 3509 673 3565 1300
692 3510 818 3564 animalia
835 3510 863 3564 R
948 3511 981 3564 13
1001 3513 1029 3563 et
1046 3509 1098 3562 alia
1117 3506 1201 3576 sacra]
1221 3507 1314 3559 καὶτὰ

184 3591 251 3646 ἄλλα
264 3595 297 3646 τὰ
315 3593 395 3646 ἐκεῖσε
410 3595 622 3666 μετακεμφθὲντα
641 3594 696 3667 ἱερὰ
713 3597 776 3670 ζῷα,
790 3598 913 3665 sortasse
929 3597 1197 3667 competenterque:
1219 3596 1313 3649 etalio

183 3697 258 3735 sacra
277 3681 403 3735 animalia
491 3683 617 3753 nauibus]
637 3687 673 3757 τῷ
693 3685 775 3754 στόλῳ
851 3687 883 3740 14
902 3687 977 3740 uenit
989 3686 1087 3747 <in>1a
1175 3686 1211 3753 ei}
1232 3684 1270 3737 eis
1289 3684 1315 3736 P

185 3770 218 3823 15
235 3769 439 3839 Aegyptiorum]
458 3778 509 3823 τῶν
524 3768 657 3825 Αἰθιόπων
729 3774 774 3842 qui
793 3775 1017 3844 suscipiens-56,
1035 3775 1047 3827 l
1068 3774 1134 3827 fines
1153 3773 1311 3842 Aegyptios!

185 3855 294 3910 Graeca
312 3861 442 3925 corrupta
459 3863 524 3911 eunt
540 3875 625 3926 aeque
642 3859 751 3913 Latina
768 3874 841 3914 sanc
985 3862 1040 3931 qui]
1061 3859 1133 3930 quod
1151 3860 1194 3914 La
1213 3860 1270 3912 lbra
1290 3865 1312 3913 A

185 3944 216 3997 17
236 3959 267 3997 aa
284 3943 561 4014 uicos-sufficereut]
580 3946 624 3998 acl
641 3946 730 4018 κώμας
749 3948 812 4018 πρὸς
831 3948 878 4018 τὴν
897 3955 947 4002 τῶν
966 3948 1138 4019 πεπρωμένωκ
1153 3947 1314 4017 τρισκαίδεκα

183 4027 248 4081 ἐτῶν
267 4028 317 4082 drab
337 4037 384 4101 τῆς
403 4030 488 4103 ἀρχῆς
507 4031 585 4084 αὐτοῦ
605 4031 641 4096 εἰς
660 4035 707 4106 τὴν
725 4033 773 4104 (εἰς
792 4036 839 4107 τὴν
853 4053 903 4090 ont.
919 4037 958 4089 erl.
969 4036 1026 4105 pr.)
1040 4033 1164 4088 ἔκπτωσιν
1179 4035 1313 4106 αὒτνὶρκεις

183 4116 408 4188 oflirafra5266
446 4120 478 4174 18
493 4120 643 4177 lueruntR
696 4122 930 4192 donegua-56,l
946 4125 1064 4193 lucrant]
1080 4139 1162 4179 ome
1216 4123 1313 4176 nihilo·

182 4205 509 4278 narinus-Aegyptiorum]
529 4208 578 4279 obp
595 4203 673 4280 ἧττον
693 4208 718 4263 δὲ
732 4209 790 4270 (καὶ
806 4211 976 4282 στρατόπεδον
991 4211 1142 4264 Αἰθιοπικὸν
1155 4213 1218 4282 πρὸς
1233 4210 1312 4281 polc-
