3036 4756
232 278 295 342 132
438 274 581 331 Contra
606 275 791 346 Apioncm
812 276 849 343 11,
867 277 1008 332 ass-259
1026 276 1157 348 (xxxvl)

143 466 207 531 256
230 467 320 532 nobis
355 468 442 533 luere
474 469 653 533 concordes.
690 469 774 552 quod
803 468 895 534 Plato
925 469 1097 552 respiciens
1128 488 1227 552 neque
1259 469 1362 534 ullum

231 592 421 656 quemquam
443 577 607 657 poetarum
630 574 707 638 dicit
727 575 759 639 iu
782 575 943 658 republica
973 593 1043 640 esse
1071 575 1306 658 suscipiendum
1330 578 1363 639 et

230 679 403 744 Homerum
424 680 648 745 honorabiliter
671 685 796 746 amouet
827 682 936 745 fanum
968 680 998 745 si
1025 682 1220 747 constituens
1248 686 1281 746 et
1306 701 1362 745 un·

232 788 349 868 guenta
366 785 604 869 superfundens,
623 805 661 850 ne
680 792 798 850 rectam
818 787 993 868 opinionem
1011 786 1050 852 de
1070 788 1127 852 deo
1146 787 1263 852 fabulis
1280 787 1361 852 forte

144 889 207 954 257
232 890 415 956 destrueret.
457 892 622 974 praecipue
663 911 796 973 namque
836 893 928 957 Plato
969 902 1110 958 nostrum
1149 893 1362 978 legislatorem
1393 912 1407 954 s

231 995 385 1074 imitatus,
417 998 493 1062 lieet
523 998 642 1063 nullam
674 998 881 1062 eruditionem
916 998 1099 1063 huiusmodi
1134 1000 1202 1064 suis
1238 998 1363 1064 ciuibus

231 1102 427 1183 imperasset,
458 1102 491 1166 id
523 1107 634 1167 estut
662 1123 770 1168 omnes
797 1104 933 1186 perfecte
960 1106 1048 1189 leges
1076 1104 1242 1178 discerent,
1266 1108 1304 1169 ιιι
1324 1122 1363 1167 ne

232 1207 361 1272 fortuito
394 1208 491 1291 aliqui
527 1213 743 1275 extraneorum
779 1210 903 1274 ciuibus
941 1210 1154 1287 miscerentur,
1191 1211 1247 1274 sed
1280 1212 1364 1273 esset

146 1313 209 1379 258
231 1331 311 1394 pura
332 1313 511 1395 respublica
533 1318 565 1378 et
586 1314 617 1378 in
640 1317 747 1398 legum
772 1315 915 1380 custodia
937 1315 1126 1398 perduraret.
1154 1317 1262 1381 horum
1286 1314 1362 1378 nihil

233 1419 376 1502 cogitans
414 1420 601 1502 Apollonius
638 1420 743 1485 Molon
786 1440 842 1484 nos
885 1421 987 1486 uoluit
1023 1440 1180 1499 accusare,
1217 1421 1363 1501 quoniam
1383 1441 1410 1481 ro

232 1544 293 1589 non
316 1525 484 1607 recipimus
507 1544 572 1603 eos,
597 1527 650 1609 qui
674 1526 744 1591 aliis
768 1530 843 1590 sunt
866 1526 1063 1609 opinionibus
1086 1525 1306 1609 praeoccupati
1325 1525 1364 1588 ds

233 1629 301 1707 deo,
333 1650 433 1713 neque
465 1632 688 1696 communicari
714 1633 852 1715 patimur
879 1633 934 1710 eis,
963 1633 1017 1714 qui
1045 1632 1107 1696 alia
1128 1633 1213 1696 uitae
1236 1649 1364 1696 consue

146 1737 210 1801 259
233 1735 342 1799 tudine
372 1737 484 1820 degere
516 1739 623 1820 potius
655 1740 827 1822 elegerunt,
864 1757 936 1802 cum
974 1758 1073 1820 neque
1108 1739 1168 1802 hoc
1204 1737 1364 1820 proprium

234 1845 377 1906 nostrum
393 1843 444 1918 sit,
460 1844 515 1907 sed
529 1863 694 1908 commune
709 1849 902 1918 cunctorum,
918 1863 979 1909 nou
994 1845 1085 1908 modo
1097 1843 1297 1920 Graecorum,
1310 1841 1364 1906 sed

234 1949 329 2012 etiam
362 1949 416 2029 qui
442 1949 523 2013 inter
551 1949 686 2015 Graecos
720 1951 896 2015 cautissimi
928 1950 1028 2015 luisse
1059 1952 1241 2014 noscuntur.
1272 1949 1364 2012 Lace·
1382 1965 1409 2006 rs

235 2053 391 2118 daemonii
425 2074 558 2136 namque
590 2056 769 2139 peregrinos
802 2056 896 2119 etiam
928 2054 1124 2137 expellebant
1154 2091 1209 2132 αα,
1241 2072 1365 2135 corrup·

323 2304 401 2368 LBR,
420 2302 472 2367 GP,
491 2319 516 2359 e.
535 2334 569 2344 -
588 2303 620 2365 Λ,
640 2304 681 2358 ed.
700 2322 738 2374 pr.

273 2479 285 2530 1
306 2475 390 2546 luere]
409 2477 437 2531 R
455 2477 510 2531 lore
525 2477 624 2531 LBoP
640 2494 673 2531 ee
690 2479 747 2532 fore
765 2495 833 2532 corr.
850 2477 886 2531 0²
899 2478 966 2543 (fore
982 2477 1031 2544 (Io)
1104 2476 1367 2546 quod-respiciens]

237 2564 281 2635 ἀφ’
300 2559 334 2637 ἧς
353 2564 480 2635 ὁρμηθεὶς
498 2564 512 2616 ὁ
532 2565 640 2618 Πλάτων
712 2567 808 2636 ullum]
827 2573 878 2618 τῶν
897 2563 983 2618 ἄλλων
1054 2564 1144 2619 adici
1161 2564 1270 2619 LBRP
1338 2565 1367 2617 in

236 2653 384 2722 republica]
404 2669 437 2706 ex
453 2653 619 2724 iurepublicn
639 2671 707 2710 corr.
726 2653 838 2707 L¹B¹G¹
856 2654 1024 2723 iurepubliea
1041 2654 1069 2707 P
1128 2654 1145 2708 3
1163 2652 1366 2716 honorabiliter,
1389 2691 1393 2706 ι

236 2758 286 2794 nor
303 2742 335 2793 ire
352 2758 408 2794 rus.
426 2741 449 2793 0
464 2742 656 2795 honorabiliter
673 2742 700 2794 P
770 2747 906 2795 ammonet
922 2741 976 2796 Rc
993 2741 1153 2796 admonete
1223 2740 1314 2795 lanum
1326 2783 1331 2795 .
1342 2780 1367 2794 ..

238 2830 417 2898 constituens]
436 2829 603 2899 ατεοαναιαας
692 2830 810 2899 phanum
827 2829 881 2886 RC
950 2829 1154 2898 bdestrneret]
1176 2828 1367 2883 destinaretR

272 2919 467 2988 praecipue-9
481 2917 649 2988 perduraret]
664 2918 832 2981 claudicant,
846 2918 894 2972 sed
907 2918 1020 2987 difficile
1033 2918 1109 2971 dicier
1121 2922 1168 2981 ecl,
1178 2917 1273 2970 aliane
1285 2917 1367 2970 ιἰνιοτ-

232 3023 298 3076 prcs
314 3006 459 3073 arrepserit,
478 3006 703 3074 quiescientium
721 3006 830 3074 Iosepbr‘
843 3023 959 3075 prorsus
975 3022 1032 3059 oon
1050 3005 1120 3073 cepit
1198 3007 1215 3061 b
1236 3005 1368 3074 imitatus]

238 3097 280 3147 est
299 3094 420 3147 imitatus
433 3095 556 3160 fortasse
572 3095 741 3147 scribendum
760 3099 806 3157 est,
826 3092 965 3166 μεμίμηται
1069 3094 1145 3163 licet]
1167 3095 1187 3148 ι’.
1206 3111 1227 3148 e.
1245 3091 1301 3158 sris,
1319 3091 1367 3145 τιάν

237 3198 303 3234 uero
321 3181 467 3248 αονὶμαοναι
485 3181 616 3249 Iosephus
678 3183 692 3234 7
712 3180 740 3234 id
759 3185 801 3234 est
819 3182 861 3250 ιιι]
882 3179 918 3241 ὡς
936 3181 964 3232 τὸ
983 3181 1024 3234 ed.
1039 3196 1084 3248 pr.
1104 3180 1169 3234 ὥστε
1188 3183 1212 3234 Δ
1282 3181 1368 3235 disee·

238 3273 299 3322 rent
316 3270 391 3338 leges
410 3276 442 3325 tr.
462 3284 478 3324 e
559 3271 600 3339 ut]
620 3270 663 3321 καὶ
681 3270 732 3341 μὴν
751 3269 802 3331 καὶ,
822 3269 865 3322 uel
883 3269 1040 3322 coniecerim
1111 3269 1128 3323 8
1146 3268 1257 3324 fortuite
1274 3268 1369 3324 LOPe

275 3357 370 3426 aliqui}
391 3373 423 3410 err
443 3357 555 3412 Graecas
572 3359 681 3422 conieci,
701 3357 803 3426 aliquid
822 3357 926 3411 rodda
993 3357 1010 3409 9
1028 3357 1056 3409 in
1074 3356 1367 3427 legum-perduraret]

239 3453 290 3499 τῶν
310 3444 470 3516 ἐμμενόντων
489 3451 541 3507 ταῖς
560 3446 647 3516 νόμοις
664 3445 823 3515 προύνόησεν
885 3445 918 3498 10
936 3443 1027 3496 Μολοιι
1046 3444 1105 3514 nos]
1123 3445 1273 3506 melonibus
1291 3444 1372 3498 LBO

238 3534 388 3587 moloniuos
402 3533 430 3586 P
445 3534 578 3586 mollouus
597 3550 645 3586 nos
658 3533 686 3588 R
703 3533 851 3586 Molomnos
866 3547 882 3587 e
900 3533 1019 3600 sortasse
1035 3531 1151 3585 Molonis
1168 3549 1217 3585 nos
1231 3532 1371 3600 scripseris

241 3623 271 3675 ll
292 3622 475 3690 recepimuso
565 3621 611 3675 alii
628 3621 709 3674 LBP
727 3624 805 3688 (corr.
825 3619 873 3684 13²)
955 3618 988 3672 de
1007 3617 1067 3682 deo,
1085 3620 1184 3688 neque]
1203 3622 1386 3689 bonporus,

239 3726 327 3779 neque
346 3708 378 3762 de
398 3709 448 3762 deo
467 3709 537 3762 codd
555 3724 572 3764 o
643 3709 677 3762 12
695 3709 835 3778 patiuntur
851 3707 879 3761 R
960 3708 992 3760 13
1012 3706 1148 3775 eligerunt
1167 3707 1191 3761 0
1207 3709 1328 3777 elegatur
1344 3709 1372 3762 P

242 3799 275 3851 14
303 3796 474 3866 Graecorum]
499 3814 584 3863 rerum
609 3797 680 3852 codol
703 3811 720 3851 e
747 3812 781 3849 err
811 3787 947 3866 Ἑλλήνων
971 3794 1116 3848 errreadam'
1218 3797 1251 3850 15
1278 3797 1371 3866 etism]

241 3903 290 3938 om.
310 3885 337 3940 R
426 3886 585 3954 cautissimi]
604 3884 804 3955 εὐδοκιμώτατοι
894 3885 926 3936 16
945 3883 1093 3953 peregrinis
1111 3882 1138 3935 B
1155 3883 1325 3954 peregrinum
1343 3884 1371 3938 R

241 3974 397 4042 peregrinus
416 3973 443 4026 P
516 3972 684 4042 expellebant
695 3997 737 4024 ee·
747 3972 954 4040 corruptionem]
974 3972 1104 4025 lacunam
1120 3976 1214 4025 statuo
1232 3988 1265 4026 ex
1281 3973 1372 4026 codice

242 4061 386 4130 archetypo
408 4061 564 4124 oriundam,
584 4059 738 4132 ξενηλασίας
760 4059 906 4130 ποιούμενοι
927 4057 1053 4110 διετέλουν
1071 4058 1185 4120 καὶτοῖς
1204 4057 1288 4112 αὐτῶν
1307 4060 1370 4113 ἀτο-

242 4145 330 4216 δημεῖν
349 4147 463 4209 πολίταις
482 4148 528 4200 οὐκ
547 4147 690 4216 ἐπέτρεπον,
711 4145 854 4220 διαφθοράν
