<?xml version="1.0" encoding="UTF-8"?>
<!DOCTYPE html PUBLIC "-//W3C//DTD XHTML 1.0 Transitional//EN"
    "http://www.w3.org/TR/xhtml1/DTD/xhtml1-transitional.dtd">
<html xmlns="http://www.w3.org/1999/xhtml" xml:lang="en" lang="en">
 <head>
  <title>
</title>
<meta http-equiv="Content-Type" content="text/html;charset=utf-8" />
  <meta name='ocr-system' content='tesseract 3.04.00' />
  <meta name='ocr-capabilities' content='ocr_page ocr_carea ocr_par ocr_line ocrx_word'/>
</head>
<body>
  <div class='ocr_page' id='page_1' title='image "./flaviiiosephiop00boysgoog_0169.png"; bbox 0 0 3036 4756; ppageno 0'>
   <div class='ocr_carea' id='block_1_1' title="bbox 229 283 1119 355">
    <p class='ocr_par' dir='ltr' id='par_1_1' title="bbox 229 283 1119 355">
     <span class='ocr_line' id='line_1_1' title="bbox 229 283 1119 355; baseline -0.009 -10"><span class='ocrx_word' id='word_1_1' title='bbox 229 290 292 353; x_wconf 92' lang='lat'><strong>100</strong></span> <span class='ocrx_word' id='word_1_2' title='bbox 469 283 613 340; x_wconf 77' lang='lat' dir='ltr'><strong>Contra</strong></span> <span class='ocrx_word' id='word_1_3' title='bbox 639 284 823 355; x_wconf 89' lang='lat' dir='ltr'><strong>Apioaom</strong></span> <span class='ocrx_word' id='word_1_4' title='bbox 845 283 882 352; x_wconf 86' lang='lat'><strong>11,</strong></span> <span class='ocrx_word' id='word_1_5' title='bbox 903 283 1119 354; x_wconf 69' lang='grc' dir='ltr'><strong>ιιι-131011)</strong></span> 
     </span>
    </p>
   </div>
   <div class='ocr_carea' id='block_1_2' title="bbox 143 476 1404 2563">
    <p class='ocr_par' dir='ltr' id='par_1_2' title="bbox 143 476 1404 2563">
     <span class='ocr_line' id='line_1_2' title="bbox 229 476 1357 562; baseline -0.004 -19"><span class='ocrx_word' id='word_1_6' title='bbox 229 479 267 543; x_wconf 91' lang='lat' dir='ltr'><strong>ab</strong></span> <span class='ocrx_word' id='word_1_7' title='bbox 290 479 401 542; x_wconf 89' lang='lat' dir='ltr'><strong>horum</strong></span> <span class='ocrx_word' id='word_1_8' title='bbox 424 477 681 562; x_wconf 82' lang='lat' dir='ltr'><strong>magnanimitate</strong></span> <span class='ocrx_word' id='word_1_9' title='bbox 709 495 742 542; x_wconf 87' lang='lat' dir='ltr'><strong>so</strong></span> <span class='ocrx_word' id='word_1_10' title='bbox 770 477 876 541; x_wconf 92' lang='lat' dir='ltr'><strong>ualeat</strong></span> <span class='ocrx_word' id='word_1_11' title='bbox 902 476 1079 540; x_wconf 79' lang='lat' dir='ltr'><strong>abstinero?</strong></span> <span class='ocrx_word' id='word_1_12' title='bbox 1107 476 1214 541; x_wconf 90' lang='lat' dir='ltr'><strong>nullus</strong></span> <span class='ocrx_word' id='word_1_13' title='bbox 1243 477 1357 541; x_wconf 89' lang='lat' dir='ltr'><strong>atenim</strong></span> 
     </span>
     <span class='ocr_line' id='line_1_3' title="bbox 228 581 1358 666; baseline -0.001 -19"><span class='ocrx_word' id='word_1_14' title='bbox 228 584 360 648; x_wconf 89' lang='lat' dir='ltr'><strong>aliorum</strong></span> <span class='ocrx_word' id='word_1_15' title='bbox 396 587 503 666; x_wconf 90' lang='lat' dir='ltr'><strong>potest</strong></span> <span class='ocrx_word' id='word_1_16' title='bbox 538 583 640 648; x_wconf 86' lang='lat' dir='ltr'><strong>dicere</strong></span> <span class='ocrx_word' id='word_1_17' title='bbox 677 602 851 647; x_wconf 91' lang='lat' dir='ltr'><strong>sermonem</strong></span> <span class='ocrx_word' id='word_1_18' title='bbox 887 601 980 665; x_wconf 90' lang='lat' dir='ltr'><strong>quem</strong></span> <span class='ocrx_word' id='word_1_19' title='bbox 1015 581 1117 666; x_wconf 80' lang='lat' dir='ltr'><strong>Apion</strong></span> <span class='ocrx_word' id='word_1_20' title='bbox 1148 583 1275 647; x_wconf 93' lang='lat' dir='ltr'><strong>locutus</strong></span> <span class='ocrx_word' id='word_1_21' title='bbox 1298 585 1358 659; x_wconf 86' lang='lat' dir='ltr'><strong>est,</strong></span> 
     </span>
     <span class='ocr_line' id='line_1_4' title="bbox 143 685 1359 772; baseline 0.004 -24"><span class='ocrx_word' id='word_1_22' title='bbox 143 685 203 749; x_wconf 86' lang='grc'><strong>127</strong></span> <span class='ocrx_word' id='word_1_23' title='bbox 229 690 351 771; x_wconf 88' lang='lat' dir='ltr'><strong>quando</strong></span> <span class='ocrx_word' id='word_1_24' title='bbox 383 689 492 770; x_wconf 93' lang='lat' dir='ltr'><strong>paucis</strong></span> <span class='ocrx_word' id='word_1_25' title='bbox 525 688 660 772; x_wconf 85' lang='lat' dir='ltr'><strong>contigit</strong></span> <span class='ocrx_word' id='word_1_26' title='bbox 686 688 718 752; x_wconf 94' lang='lat' dir='ltr'><strong>in</strong></span> <span class='ocrx_word' id='word_1_27' title='bbox 745 689 922 771; x_wconf 90' lang='lat' dir='ltr'><strong>principatu</strong></span> <span class='ocrx_word' id='word_1_28' title='bbox 951 687 1097 753; x_wconf 89' lang='lat' dir='ltr'><strong>continue</strong></span> <span class='ocrx_word' id='word_1_29' title='bbox 1125 688 1298 771; x_wconf 84' lang='lat' dir='ltr'><strong>praesidere</strong></span> <span class='ocrx_word' id='word_1_30' title='bbox 1327 691 1359 753; x_wconf 88' lang='lat' dir='ltr'><strong>at</strong></span> 
     </span>
     <span class='ocr_line' id='line_1_5' title="bbox 228 793 1358 876; baseline 0 -19"><span class='ocrx_word' id='word_1_31' title='bbox 228 813 287 858; x_wconf 92' lang='lat' dir='ltr'><strong>non</strong></span> <span class='ocrx_word' id='word_1_32' title='bbox 319 813 428 858; x_wconf 88' lang='lat' dir='ltr'><strong>rursus</strong></span> <span class='ocrx_word' id='word_1_33' title='bbox 461 794 532 858; x_wconf 89' lang='lat' dir='ltr'><strong>aliis</strong></span> <span class='ocrx_word' id='word_1_34' title='bbox 562 794 646 858; x_wconf 88' lang='lat' dir='ltr'><strong>facta</strong></span> <span class='ocrx_word' id='word_1_35' title='bbox 676 794 851 859; x_wconf 77' lang='lat' dir='ltr'><strong>mutatione</strong></span> <span class='ocrx_word' id='word_1_36' title='bbox 879 793 1009 869; x_wconf 88' lang='lat' dir='ltr'><strong>seruire;</strong></span> <span class='ocrx_word' id='word_1_37' title='bbox 1041 793 1194 876; x_wconf 84' lang='lat' dir='ltr'><strong>plurimae</strong></span> <span class='ocrx_word' id='word_1_38' title='bbox 1225 812 1358 876; x_wconf 89' lang='lat' dir='ltr'><strong>namque</strong></span> 
     </span>
     <span class='ocr_line' id='line_1_6' title="bbox 143 897 1403 983; baseline 0.002 -25"><span class='ocrx_word' id='word_1_39' title='bbox 143 897 205 959; x_wconf 84' lang='grc'><strong>128</strong></span> <span class='ocrx_word' id='word_1_40' title='bbox 230 903 338 983; x_wconf 85' lang='lat' dir='ltr'><strong>gentes</strong></span> <span class='ocrx_word' id='word_1_41' title='bbox 370 899 441 963; x_wconf 90' lang='lat' dir='ltr'><strong>aliis</strong></span> <span class='ocrx_word' id='word_1_42' title='bbox 474 899 619 964; x_wconf 85' lang='lat' dir='ltr'><strong>oboedire</strong></span> <span class='ocrx_word' id='word_1_43' title='bbox 652 901 777 964; x_wconf 87' lang='lat' dir='ltr'><strong>coactae</strong></span> <span class='ocrx_word' id='word_1_44' title='bbox 802 900 885 961; x_wconf 84' lang='lat' dir='ltr'><strong>sunt</strong></span> <span class='ocrx_word' id='word_1_45' title='bbox 918 897 979 962; x_wconf 93' lang='lat' dir='ltr'><strong>soli</strong></span> <span class='ocrx_word' id='word_1_46' title='bbox 1005 900 1111 962; x_wconf 90' lang='lat' dir='ltr'><strong>autem</strong></span> <span class='ocrx_word' id='word_1_47' title='bbox 1137 898 1294 982; x_wconf 80' lang='lat' dir='ltr'><strong>Aegyptii,</strong></span> <span class='ocrx_word' id='word_1_48' title='bbox 1322 918 1358 963; x_wconf 91' lang='lat' dir='ltr'><strong>eo</strong></span> <span class='ocrx_word' id='word_1_49' title='bbox 1390 920 1403 961; x_wconf 83' lang='grc' dir='ltr'><strong>ι</strong></span> 
     </span>
     <span class='ocr_line' id='line_1_7' title="bbox 229 1001 1359 1089; baseline -0.002 -19"><span class='ocrx_word' id='word_1_50' title='bbox 229 1005 312 1087; x_wconf 89' lang='lat' dir='ltr'><strong>quod</strong></span> <span class='ocrx_word' id='word_1_51' title='bbox 340 1005 498 1089; x_wconf 86' lang='lat' dir='ltr'><strong>refugiant</strong></span> <span class='ocrx_word' id='word_1_52' title='bbox 525 1004 609 1068; x_wconf 91' lang='lat' dir='ltr'><strong>sicut</strong></span> <span class='ocrx_word' id='word_1_53' title='bbox 635 1004 724 1068; x_wconf 91' lang='lat' dir='ltr'><strong>aiunt</strong></span> <span class='ocrx_word' id='word_1_54' title='bbox 745 1004 777 1066; x_wconf 93' lang='lat' dir='ltr'><strong>in</strong></span> <span class='ocrx_word' id='word_1_55' title='bbox 801 1021 907 1067; x_wconf 86' lang='lat' dir='ltr'><strong>eorum</strong></span> <span class='ocrx_word' id='word_1_56' title='bbox 930 1001 1093 1085; x_wconf 90' lang='lat' dir='ltr'><strong>prouincia</strong></span> <span class='ocrx_word' id='word_1_57' title='bbox 1114 1003 1159 1067; x_wconf 94' lang='lat' dir='ltr'><strong>dii</strong></span> <span class='ocrx_word' id='word_1_58' title='bbox 1181 1007 1275 1086; x_wconf 87' lang='lat' dir='ltr'><strong>atque</strong></span> <span class='ocrx_word' id='word_1_59' title='bbox 1299 1005 1359 1068; x_wconf 90' lang='lat' dir='ltr'><strong>sal·</strong></span> 
     </span>
     <span class='ocr_line' id='line_1_8' title="bbox 228 1108 1358 1193; baseline -0.003 -17"><span class='ocrx_word' id='word_1_60' title='bbox 228 1115 343 1175; x_wconf 85' lang='lat' dir='ltr'><strong>uantur</strong></span> <span class='ocrx_word' id='word_1_61' title='bbox 370 1111 540 1192; x_wconf 71' lang='lat' dir='ltr'><strong>migrantes</strong></span> <span class='ocrx_word' id='word_1_62' title='bbox 566 1109 598 1174; x_wconf 93' lang='lat' dir='ltr'><strong>iu</strong></span> <span class='ocrx_word' id='word_1_63' title='bbox 626 1109 746 1192; x_wconf 82' lang='lat' dir='ltr'><strong>effigies</strong></span> <span class='ocrx_word' id='word_1_64' title='bbox 773 1109 956 1186; x_wconf 82' lang='lat' dir='ltr'><strong>bestiarum,</strong></span> <span class='ocrx_word' id='word_1_65' title='bbox 985 1108 1134 1174; x_wconf 92' lang='lat' dir='ltr'><strong>honorem</strong></span> <span class='ocrx_word' id='word_1_66' title='bbox 1156 1110 1358 1193; x_wconf 89' lang='lat' dir='ltr'><strong>praecipuum</strong></span> 
     </span>
     <span class='ocr_line' id='line_1_9' title="bbox 228 1214 1359 1296; baseline -0.002 -16"><span class='ocrx_word' id='word_1_67' title='bbox 228 1217 423 1293; x_wconf 81' lang='lat' dir='ltr'><strong>inuenerunt,</strong></span> <span class='ocrx_word' id='word_1_68' title='bbox 455 1219 493 1280; x_wconf 91' lang='lat' dir='ltr'><strong>ut</strong></span> <span class='ocrx_word' id='word_1_69' title='bbox 523 1217 602 1280; x_wconf 93' lang='lat' dir='ltr'><strong>nulli</strong></span> <span class='ocrx_word' id='word_1_70' title='bbox 633 1216 859 1280; x_wconf 87' lang='lat' dir='ltr'><strong>famularentur</strong></span> <span class='ocrx_word' id='word_1_71' title='bbox 889 1215 1011 1292; x_wconf 82' lang='lat' dir='ltr'><strong>horum,</strong></span> <span class='ocrx_word' id='word_1_72' title='bbox 1044 1214 1098 1296; x_wconf 89' lang='lat' dir='ltr'><strong>qui</strong></span> <span class='ocrx_word' id='word_1_73' title='bbox 1127 1215 1236 1280; x_wconf 81' lang='lat' dir='ltr'><strong>Asiam</strong></span> <span class='ocrx_word' id='word_1_74' title='bbox 1263 1216 1359 1279; x_wconf 80' lang='lat' dir='ltr'><strong>Euro-</strong></span> 
     </span>
     <span class='ocr_line' id='line_1_10' title="bbox 229 1319 1358 1405; baseline -0.001 -19"><span class='ocrx_word' id='word_1_75' title='bbox 229 1340 363 1405; x_wconf 86' lang='lat' dir='ltr'><strong>pamque</strong></span> <span class='ocrx_word' id='word_1_76' title='bbox 391 1324 575 1397; x_wconf 87' lang='lat' dir='ltr'><strong>tenuerunt;</strong></span> <span class='ocrx_word' id='word_1_77' title='bbox 609 1321 662 1403; x_wconf 89' lang='lat' dir='ltr'><strong>qni</strong></span> <span class='ocrx_word' id='word_1_78' title='bbox 695 1321 819 1385; x_wconf 88' lang='lat' dir='ltr'><strong>scilicet</strong></span> <span class='ocrx_word' id='word_1_79' title='bbox 849 1339 944 1385; x_wconf 90' lang='lat' dir='ltr'><strong>unam</strong></span> <span class='ocrx_word' id='word_1_80' title='bbox 975 1319 1057 1384; x_wconf 86' lang='lat' dir='ltr'><strong>diem</strong></span> <span class='ocrx_word' id='word_1_81' title='bbox 1090 1340 1127 1385; x_wconf 85' lang='lat' dir='ltr'><strong>ex</strong></span> <span class='ocrx_word' id='word_1_82' title='bbox 1154 1340 1231 1386; x_wconf 87' lang='lat' dir='ltr'><strong>aeuo</strong></span> <span class='ocrx_word' id='word_1_83' title='bbox 1259 1321 1358 1385; x_wconf 90' lang='lat' dir='ltr'><strong>totius</strong></span> 
     </span>
     <span class='ocr_line' id='line_1_11' title="bbox 230 1426 1402 1513; baseline -0.003 -22"><span class='ocrx_word' id='word_1_84' title='bbox 230 1427 348 1491; x_wconf 89' lang='lat' dir='ltr'><strong>saeculi</strong></span> <span class='ocrx_word' id='word_1_85' title='bbox 370 1446 430 1491; x_wconf 91' lang='lat' dir='ltr'><strong>nou</strong></span> <span class='ocrx_word' id='word_1_86' title='bbox 453 1426 589 1513; x_wconf 76' lang='lat' dir='ltr'><strong>habuere</strong></span> <span class='ocrx_word' id='word_1_87' title='bbox 612 1426 790 1503; x_wconf 84' lang='lat' dir='ltr'><strong>libertatem</strong></span> <span class='ocrx_word' id='word_1_88' title='bbox 811 1444 912 1507; x_wconf 86' lang='lat' dir='ltr'><strong>neque</strong></span> <span class='ocrx_word' id='word_1_89' title='bbox 931 1427 1013 1507; x_wconf 93' lang='lat' dir='ltr'><strong>apud</strong></span> <span class='ocrx_word' id='word_1_90' title='bbox 1034 1427 1197 1512; x_wconf 87' lang='lat' dir='ltr'><strong>indigenas</strong></span> <span class='ocrx_word' id='word_1_91' title='bbox 1216 1427 1359 1492; x_wconf 91' lang='lat' dir='ltr'><strong>dominos</strong></span> <span class='ocrx_word' id='word_1_92' title='bbox 1377 1448 1402 1488; x_wconf 87' lang='grc' dir='ltr'><strong>ιι</strong></span> 
     </span>
     <span class='ocr_line' id='line_1_12' title="bbox 144 1529 1359 1614; baseline 0.006 -24"><span class='ocrx_word' id='word_1_93' title='bbox 144 1529 206 1591; x_wconf 82' lang='lat'><strong>129</strong></span> <span class='ocrx_word' id='word_1_94' title='bbox 229 1551 330 1612; x_wconf 90' lang='lat' dir='ltr'><strong>neque</strong></span> <span class='ocrx_word' id='word_1_95' title='bbox 354 1531 436 1614; x_wconf 93' lang='lat' dir='ltr'><strong>apud</strong></span> <span class='ocrx_word' id='word_1_96' title='bbox 461 1535 611 1596; x_wconf 84' lang='lat' dir='ltr'><strong>externos.</strong></span> <span class='ocrx_word' id='word_1_97' title='bbox 636 1551 707 1595; x_wconf 92' lang='lat' dir='ltr'><strong>narn</strong></span> <span class='ocrx_word' id='word_1_98' title='bbox 731 1531 993 1613; x_wconf 87' lang='lat' dir='ltr'><strong>quemadmodum</strong></span> <span class='ocrx_word' id='word_1_99' title='bbox 1017 1533 1063 1596; x_wconf 93' lang='lat' dir='ltr'><strong>eis</strong></span> <span class='ocrx_word' id='word_1_100' title='bbox 1086 1533 1138 1598; x_wconf 92' lang='lat' dir='ltr'><strong>usi</strong></span> <span class='ocrx_word' id='word_1_101' title='bbox 1165 1533 1228 1598; x_wconf 90' lang='lat' dir='ltr'><strong>sint</strong></span> <span class='ocrx_word' id='word_1_102' title='bbox 1245 1533 1359 1597; x_wconf 87' lang='lat' dir='ltr'><strong>Persae</strong></span> 
     </span>
     <span class='ocr_line' id='line_1_13' title="bbox 230 1636 1359 1721; baseline 0 -20"><span class='ocrx_word' id='word_1_103' title='bbox 230 1656 290 1701; x_wconf 90' lang='lat' dir='ltr'><strong>nou</strong></span> <span class='ocrx_word' id='word_1_104' title='bbox 314 1637 411 1700; x_wconf 88' lang='lat' dir='ltr'><strong>semel</strong></span> <span class='ocrx_word' id='word_1_105' title='bbox 434 1636 632 1701; x_wconf 92' lang='lat' dir='ltr'><strong>solummodo</strong></span> <span class='ocrx_word' id='word_1_106' title='bbox 657 1637 712 1701; x_wconf 87' lang='lat' dir='ltr'><strong>sod</strong></span> <span class='ocrx_word' id='word_1_107' title='bbox 734 1637 911 1718; x_wconf 89' lang='lat' dir='ltr'><strong>frequenter</strong></span> <span class='ocrx_word' id='word_1_108' title='bbox 932 1640 1094 1703; x_wconf 90' lang='lat' dir='ltr'><strong>uastantes</strong></span> <span class='ocrx_word' id='word_1_109' title='bbox 1117 1638 1223 1716; x_wconf 85' lang='lat' dir='ltr'><strong>urbes,</strong></span> <span class='ocrx_word' id='word_1_110' title='bbox 1241 1639 1359 1721; x_wconf 87' lang='lat' dir='ltr'><strong>templa</strong></span> 
     </span>
     <span class='ocr_line' id='line_1_14' title="bbox 230 1741 1359 1827; baseline 0.003 -22"><span class='ocrx_word' id='word_1_111' title='bbox 230 1745 388 1806; x_wconf 88' lang='lat' dir='ltr'><strong>uertentes</strong></span> <span class='ocrx_word' id='word_1_112' title='bbox 411 1744 443 1806; x_wconf 90' lang='lat' dir='ltr'><strong>et</strong></span> <span class='ocrx_word' id='word_1_113' title='bbox 466 1745 592 1825; x_wconf 91' lang='lat' dir='ltr'><strong>putatos</strong></span> <span class='ocrx_word' id='word_1_114' title='bbox 615 1741 698 1824; x_wconf 91' lang='lat' dir='ltr'><strong>apud</strong></span> <span class='ocrx_word' id='word_1_115' title='bbox 721 1761 774 1807; x_wconf 88' lang='lat' dir='ltr'><strong>eos</strong></span> <span class='ocrx_word' id='word_1_116' title='bbox 798 1742 1021 1808; x_wconf 87' lang='lat' dir='ltr'><strong>interficientes</strong></span> <span class='ocrx_word' id='word_1_117' title='bbox 1045 1743 1132 1820; x_wconf 81' lang='lat' dir='ltr'><strong>deos,</strong></span> <span class='ocrx_word' id='word_1_118' title='bbox 1151 1744 1359 1827; x_wconf 88' lang='lat' dir='ltr'><strong>improperare</strong></span> 
     </span>
     <span class='ocr_line' id='line_1_15' title="bbox 147 1845 1359 1932; baseline 0.004 -25"><span class='ocrx_word' id='word_1_119' title='bbox 147 1845 208 1908; x_wconf 85' lang='lat'><strong>130</strong></span> <span class='ocrx_word' id='word_1_120' title='bbox 231 1865 292 1911; x_wconf 94' lang='lat' dir='ltr'><strong>non</strong></span> <span class='ocrx_word' id='word_1_121' title='bbox 316 1847 438 1912; x_wconf 87' lang='lat' dir='ltr'><strong>studeo.</strong></span> <span class='ocrx_word' id='word_1_122' title='bbox 461 1865 521 1910; x_wconf 93' lang='lat' dir='ltr'><strong>non</strong></span> <span class='ocrx_word' id='word_1_123' title='bbox 545 1847 627 1911; x_wconf 91' lang='lat' dir='ltr'><strong>enim</strong></span> <span class='ocrx_word' id='word_1_124' title='bbox 651 1847 798 1912; x_wconf 91' lang='lat' dir='ltr'><strong>conuenit</strong></span> <span class='ocrx_word' id='word_1_125' title='bbox 821 1847 991 1912; x_wconf 88' lang='lat' dir='ltr'><strong>stultitiam</strong></span> <span class='ocrx_word' id='word_1_126' title='bbox 1013 1862 1070 1913; x_wconf 89' lang='lat' dir='ltr'><strong>nos</strong></span> <span class='ocrx_word' id='word_1_127' title='bbox 1092 1848 1212 1914; x_wconf 89' lang='lat' dir='ltr'><strong>indocti</strong></span> <span class='ocrx_word' id='word_1_128' title='bbox 1230 1849 1359 1932; x_wconf 92' lang='lat' dir='ltr'><strong>Apionis</strong></span> 
     </span>
     <span class='ocr_line' id='line_1_16' title="bbox 230 1951 1404 2036; baseline 0 -23"><span class='ocrx_word' id='word_1_129' title='bbox 230 1951 356 2029; x_wconf 82' lang='lat' dir='ltr'><strong>imitari,</strong></span> <span class='ocrx_word' id='word_1_130' title='bbox 373 1951 539 2035; x_wconf 84' lang='lat' dir='ltr'><strong>quinoque</strong></span> <span class='ocrx_word' id='word_1_131' title='bbox 559 1971 651 2023; x_wconf 85' lang='lat' dir='ltr'><strong>casus</strong></span> <span class='ocrx_word' id='word_1_132' title='bbox 665 1951 905 2017; x_wconf 90' lang='lat' dir='ltr'><strong>Atheniensium</strong></span> <span class='ocrx_word' id='word_1_133' title='bbox 926 1973 1026 2036; x_wconf 87' lang='lat' dir='ltr'><strong>neque</strong></span> <span class='ocrx_word' id='word_1_134' title='bbox 1044 1954 1359 2020; x_wconf 84' lang='lat' dir='ltr'><strong>Lacedaemoniorum</strong></span> <span class='ocrx_word' id='word_1_135' title='bbox 1379 1973 1404 2014; x_wconf 83' lang='grc' dir='ltr'><strong>ιι</strong></span> 
     </span>
     <span class='ocr_line' id='line_1_17' title="bbox 231 2057 1359 2141; baseline 0.004 -21"><span class='ocrx_word' id='word_1_136' title='bbox 231 2057 334 2120; x_wconf 91' lang='lat' dir='ltr'><strong>animo</strong></span> <span class='ocrx_word' id='word_1_137' title='bbox 363 2076 420 2121; x_wconf 92' lang='lat' dir='ltr'><strong>suo</strong></span> <span class='ocrx_word' id='word_1_138' title='bbox 448 2057 600 2139; x_wconf 83' lang='lat' dir='ltr'><strong>concepit,</strong></span> <span class='ocrx_word' id='word_1_139' title='bbox 629 2076 761 2141; x_wconf 89' lang='lat' dir='ltr'><strong>quorum</strong></span> <span class='ocrx_word' id='word_1_140' title='bbox 788 2057 867 2123; x_wconf 91' lang='lat' dir='ltr'><strong>alios</strong></span> <span class='ocrx_word' id='word_1_141' title='bbox 895 2059 1021 2140; x_wconf 93' lang='lat' dir='ltr'><strong>quidem</strong></span> <span class='ocrx_word' id='word_1_142' title='bbox 1048 2060 1250 2137; x_wconf 85' lang='lat' dir='ltr'><strong>fortissimos,</strong></span> <span class='ocrx_word' id='word_1_143' title='bbox 1282 2061 1359 2125; x_wconf 90' lang='lat' dir='ltr'><strong>alios</strong></span> 
     </span>
     <span class='ocr_line' id='line_1_18' title="bbox 147 2160 1358 2248; baseline 0.007 -26"><span class='ocrx_word' id='word_1_144' title='bbox 147 2160 206 2223; x_wconf 88' lang='lat'><strong>131</strong></span> <span class='ocrx_word' id='word_1_145' title='bbox 232 2182 307 2227; x_wconf 91' lang='lat' dir='ltr'><strong>uero</strong></span> <span class='ocrx_word' id='word_1_146' title='bbox 334 2161 495 2245; x_wconf 91' lang='lat' dir='ltr'><strong>piissimos</strong></span> <span class='ocrx_word' id='word_1_147' title='bbox 523 2161 712 2228; x_wconf 85' lang='lat' dir='ltr'><strong>Graecorum</strong></span> <span class='ocrx_word' id='word_1_148' title='bbox 745 2183 852 2229; x_wconf 86' lang='lat' dir='ltr'><strong>omnes</strong></span> <span class='ocrx_word' id='word_1_149' title='bbox 888 2164 1052 2230; x_wconf 81' lang='lat' dir='ltr'><strong>affirmant.</strong></span> <span class='ocrx_word' id='word_1_150' title='bbox 1087 2166 1229 2248; x_wconf 86' lang='lat' dir='ltr'><strong>relinquo</strong></span> <span class='ocrx_word' id='word_1_151' title='bbox 1266 2168 1358 2232; x_wconf 89' lang='lat' dir='ltr'><strong>etiam</strong></span> 
     </span>
     <span class='ocr_line' id='line_1_19' title="bbox 231 2267 1362 2351; baseline 0.002 -19"><span class='ocrx_word' id='word_1_152' title='bbox 231 2286 319 2350; x_wconf 85' lang='lat' dir='ltr'><strong>reges</strong></span> <span class='ocrx_word' id='word_1_153' title='bbox 343 2267 459 2349; x_wconf 91' lang='lat' dir='ltr'><strong>pietate</strong></span> <span class='ocrx_word' id='word_1_154' title='bbox 482 2268 723 2347; x_wconf 81' lang='lat' dir='ltr'><strong>famosissimos,</strong></span> <span class='ocrx_word' id='word_1_155' title='bbox 747 2288 878 2351; x_wconf 89' lang='lat' dir='ltr'><strong>quorum</strong></span> <span class='ocrx_word' id='word_1_156' title='bbox 898 2271 1014 2334; x_wconf 90' lang='lat' dir='ltr'><strong>summi</strong></span> <span class='ocrx_word' id='word_1_157' title='bbox 1033 2271 1166 2336; x_wconf 89' lang='lat' dir='ltr'><strong>diuersis</strong></span> <span class='ocrx_word' id='word_1_158' title='bbox 1185 2272 1269 2337; x_wconf 90' lang='lat' dir='ltr'><strong>uitae</strong></span> <span class='ocrx_word' id='word_1_159' title='bbox 1288 2274 1362 2336; x_wconf 90' lang='lat' dir='ltr'><strong>sunt</strong></span> 
     </span>
     <span class='ocr_line' id='line_1_20' title="bbox 232 2372 1359 2452; baseline 0.004 -17"><span class='ocrx_word' id='word_1_160' title='bbox 232 2372 464 2436; x_wconf 88' lang='lat' dir='ltr'><strong>calamitatibus</strong></span> <span class='ocrx_word' id='word_1_161' title='bbox 494 2373 641 2447; x_wconf 79' lang='lat' dir='ltr'><strong>sauciati3</strong></span> <span class='ocrx_word' id='word_1_162' title='bbox 666 2374 789 2438; x_wconf 86' lang='lat' dir='ltr'><strong>dimitto</strong></span> <span class='ocrx_word' id='word_1_163' title='bbox 819 2375 954 2440; x_wconf 87' lang='lat' dir='ltr'><strong>dirutam</strong></span> <span class='ocrx_word' id='word_1_164' title='bbox 980 2376 1219 2452; x_wconf 66' lang='lat' dir='ltr'><strong>Atheniensium</strong></span> <span class='ocrx_word' id='word_1_165' title='bbox 1248 2395 1359 2441; x_wconf 89' lang='lat' dir='ltr'><strong>arcem.</strong></span> 
     </span>
     <span class='ocr_line' id='line_1_21' title="bbox 232 2477 1404 2563; baseline 0.001 -24"><span class='ocrx_word' id='word_1_166' title='bbox 232 2478 385 2558; x_wconf 84' lang='lat' dir='ltr'><strong>templum</strong></span> <span class='ocrx_word' id='word_1_167' title='bbox 414 2477 613 2557; x_wconf 75' lang='lat' dir='ltr'><strong>Ephesennnr</strong></span> <span class='ocrx_word' id='word_1_168' title='bbox 642 2483 673 2543; x_wconf 88' lang='lat' dir='ltr'><strong>et</strong></span> <span class='ocrx_word' id='word_1_169' title='bbox 701 2479 839 2562; x_wconf 88' lang='lat' dir='ltr'><strong>Delphos</strong></span> <span class='ocrx_word' id='word_1_170' title='bbox 868 2480 991 2563; x_wconf 90' lang='lat' dir='ltr'><strong>aliaque</strong></span> <span class='ocrx_word' id='word_1_171' title='bbox 1020 2482 1129 2558; x_wconf 85' lang='lat' dir='ltr'><strong>multa,</strong></span> <span class='ocrx_word' id='word_1_172' title='bbox 1158 2500 1213 2563; x_wconf 88' lang='lat' dir='ltr'><strong>pro</strong></span> <span class='ocrx_word' id='word_1_173' title='bbox 1246 2481 1361 2562; x_wconf 87' lang='lat' dir='ltr'><strong>quibus</strong></span> <span class='ocrx_word' id='word_1_174' title='bbox 1379 2502 1404 2540; x_wconf 83' lang='lat' dir='ltr'><strong>aa</strong></span> 
     </span>
    </p>
   </div>
   <div class='ocr_carea' id='block_1_3' title="bbox 320 2683 737 2754">
    <p class='ocr_par' dir='ltr' id='par_1_3' title="bbox 320 2683 737 2754">
     <span class='ocr_line' id='line_1_22' title="bbox 320 2683 737 2754; baseline 0 -17"><span class='ocrx_word' id='word_1_175' title='bbox 320 2684 397 2746; x_wconf 80' lang='lat' dir='ltr'>LBR,</span> <span class='ocrx_word' id='word_1_176' title='bbox 418 2683 471 2747; x_wconf 76' lang='grc' dir='ltr'><strong>ΟΡ,</strong></span> <span class='ocrx_word' id='word_1_177' title='bbox 490 2698 515 2737; x_wconf 88' lang='lat' dir='ltr'><strong>o.</strong></span> <span class='ocrx_word' id='word_1_178' title='bbox 536 2713 568 2723; x_wconf 88' lang='lat'>—</span> <span class='ocrx_word' id='word_1_179' title='bbox 588 2684 618 2746; x_wconf 89' lang='lat' dir='ltr'><strong>A,</strong></span> <span class='ocrx_word' id='word_1_180' title='bbox 639 2684 680 2737; x_wconf 87' lang='lat' dir='ltr'><strong>ed.</strong></span> <span class='ocrx_word' id='word_1_181' title='bbox 699 2702 737 2754; x_wconf 91' lang='lat' dir='ltr'><strong>pr.</strong></span> 
     </span>
    </p>
   </div>
   <div class='ocr_carea' id='block_1_4' title="bbox 233 2803 1363 3491">
    <p class='ocr_par' dir='ltr' id='par_1_4' title="bbox 233 2803 1363 3491">
     <span class='ocr_line' id='line_1_23' title="bbox 270 2803 1363 2880; baseline 0.003 -21"><span class='ocrx_word' id='word_1_182' title='bbox 270 2809 282 2860; x_wconf 96' lang='lat' dir='ltr'><strong>l</strong></span> <span class='ocrx_word' id='word_1_183' title='bbox 303 2805 533 2859; x_wconf 83' lang='lat' dir='ltr'><strong>nullus—locutus</strong></span> <span class='ocrx_word' id='word_1_184' title='bbox 553 2805 605 2874; x_wconf 87' lang='lat' dir='ltr'><strong>est]</strong></span> <span class='ocrx_word' id='word_1_185' title='bbox 623 2811 673 2857; x_wconf 81' lang='grc' dir='ltr'><strong>τῶν</strong></span> <span class='ocrx_word' id='word_1_186' title='bbox 693 2808 737 2877; x_wconf 76' lang='grc' dir='ltr'><strong>μὲν</strong></span> <span class='ocrx_word' id='word_1_187' title='bbox 755 2809 805 2877; x_wconf 70' lang='grc' dir='ltr'><strong>γὰρ</strong></span> <span class='ocrx_word' id='word_1_188' title='bbox 824 2805 909 2859; x_wconf 79' lang='grc' dir='ltr'>ἄλλων</span> <span class='ocrx_word' id='word_1_189' title='bbox 929 2806 975 2860; x_wconf 76' lang='lat' dir='ltr'><strong>obn</strong></span> <span class='ocrx_word' id='word_1_190' title='bbox 988 2803 1055 2861; x_wconf 79' lang='grc' dir='ltr'><strong>’ἔστιν</strong></span> <span class='ocrx_word' id='word_1_191' title='bbox 1070 2808 1139 2871; x_wconf 69' lang='grc' dir='ltr'><strong>ὅστις</strong></span> <span class='ocrx_word' id='word_1_192' title='bbox 1155 2807 1300 2880; x_wconf 68' lang='grc' dir='ltr'>ἀνθρώπων</span> <span class='ocrx_word' id='word_1_193' title='bbox 1315 2807 1363 2880; x_wconf 73' lang='grc' dir='ltr'><strong>οὐχ</strong></span> 
     </span>
     <span class='ocr_line' id='line_1_24' title="bbox 234 2889 1363 2967; baseline 0 -20"><span class='ocrx_word' id='word_1_194' title='bbox 234 2895 328 2956; x_wconf 77' lang='grc' dir='ltr'>ἱκανῶς</span> <span class='ocrx_word' id='word_1_195' title='bbox 346 2895 397 2964; x_wconf 83' lang='lat' dir='ltr'><strong>(ed.</strong></span> <span class='ocrx_word' id='word_1_196' title='bbox 414 2911 459 2962; x_wconf 83' lang='lat' dir='ltr'><strong>pr.</strong></span> <span class='ocrx_word' id='word_1_197' title='bbox 480 2892 566 2956; x_wconf 76' lang='grc' dir='ltr'><strong>ἱκανὸς</strong></span> <span class='ocrx_word' id='word_1_198' title='bbox 584 2896 618 2960; x_wconf 91' lang='lat' dir='ltr'><strong>A)</strong></span> <span class='ocrx_word' id='word_1_199' title='bbox 637 2894 699 2945; x_wconf 74' lang='grc' dir='ltr'><strong>καθ’</strong></span> <span class='ocrx_word' id='word_1_200' title='bbox 720 2895 811 2948; x_wconf 67' lang='grc' dir='ltr'><strong>ἑαυτοῦ</strong></span> <span class='ocrx_word' id='word_1_201' title='bbox 831 2894 893 2967; x_wconf 74' lang='grc' dir='ltr'><strong>φαίη</strong></span> <span class='ocrx_word' id='word_1_202' title='bbox 913 2903 1002 2948; x_wconf 76' lang='grc' dir='ltr'><strong>τοῦτον</strong></span> <span class='ocrx_word' id='word_1_203' title='bbox 1022 2895 1062 2949; x_wconf 75' lang='grc' dir='ltr'><strong>ὑπ’</strong></span> <span class='ocrx_word' id='word_1_204' title='bbox 1090 2889 1216 2959; x_wconf 76' lang='grc' dir='ltr'>Ἀπίωνος</span> <span class='ocrx_word' id='word_1_205' title='bbox 1238 2895 1363 2967; x_wconf 69' lang='grc' dir='ltr'><strong>λελέχθαι</strong></span> 
     </span>
     <span class='ocr_line' id='line_1_25' title="bbox 233 2981 1362 3054; baseline 0.001 -20"><span class='ocrx_word' id='word_1_206' title='bbox 233 2984 277 3034; x_wconf 69' lang='grc' dir='ltr'><strong>τὸν</strong></span> <span class='ocrx_word' id='word_1_207' title='bbox 296 2981 380 3051; x_wconf 73' lang='grc' dir='ltr'><strong>λόγον,</strong></span> <span class='ocrx_word' id='word_1_208' title='bbox 400 2998 513 3049; x_wconf 77' lang='lat' dir='ltr'><strong>quornm</strong></span> <span class='ocrx_word' id='word_1_209' title='bbox 531 2997 638 3035; x_wconf 72' lang='lat' dir='ltr'><strong>sarsana</strong></span> <span class='ocrx_word' id='word_1_210' title='bbox 656 2998 712 3035; x_wconf 87' lang='lat' dir='ltr'><strong>non</strong></span> <span class='ocrx_word' id='word_1_211' title='bbox 731 2983 799 3050; x_wconf 79' lang='lat' dir='ltr'><strong>oepit</strong></span> <span class='ocrx_word' id='word_1_212' title='bbox 816 2983 950 3050; x_wconf 82' lang='lat' dir='ltr'><strong>interpres</strong></span> <span class='ocrx_word' id='word_1_213' title='bbox 1009 2985 1026 3037; x_wconf 82' lang='lat'><strong>2</strong></span> <span class='ocrx_word' id='word_1_214' title='bbox 1044 2987 1135 3054; x_wconf 81' lang='lat' dir='ltr'><strong>potest</strong></span> <span class='ocrx_word' id='word_1_215' title='bbox 1147 2983 1308 3041; x_wconf 69' lang='lat' dir='ltr'><strong>(sorbuere)</strong></span> <span class='ocrx_word' id='word_1_216' title='bbox 1322 2982 1362 3036; x_wconf 90' lang='lat' dir='ltr'><strong>di·</strong></span> 
     </span>
     <span class='ocr_line' id='line_1_26' title="bbox 233 3068 1361 3141; baseline -0.002 -18"><span class='ocrx_word' id='word_1_217' title='bbox 233 3086 292 3123; x_wconf 88' lang='lat' dir='ltr'><strong>cere</strong></span> <span class='ocrx_word' id='word_1_218' title='bbox 311 3069 337 3123; x_wconf 86' lang='lat' dir='ltr'><em>R</em></span> <span class='ocrx_word' id='word_1_219' title='bbox 400 3071 416 3122; x_wconf 82' lang='lat'>3</span> <span class='ocrx_word' id='word_1_220' title='bbox 435 3070 597 3138; x_wconf 89' lang='lat' dir='ltr'><strong>principatu]</strong></span> <span class='ocrx_word' id='word_1_221' title='bbox 618 3068 717 3124; x_wconf 81' lang='lat' dir='ltr'><strong>Sabino</strong></span> <span class='ocrx_word' id='word_1_222' title='bbox 735 3070 913 3139; x_wconf 84' lang='lat' dir='ltr'><strong>principatum</strong></span> <span class='ocrx_word' id='word_1_223' title='bbox 932 3071 1001 3126; x_wconf 82' lang='lat' dir='ltr'><strong>codd</strong></span> <span class='ocrx_word' id='word_1_224' title='bbox 1019 3086 1035 3126; x_wconf 89' lang='lat' dir='ltr'><strong>o</strong></span> <span class='ocrx_word' id='word_1_225' title='bbox 1110 3071 1245 3141; x_wconf 86' lang='lat' dir='ltr'><strong>continue]</strong></span> <span class='ocrx_word' id='word_1_226' title='bbox 1266 3070 1361 3122; x_wconf 79' lang='grc' dir='ltr'><strong>διακαι-</strong></span> 
     </span>
     <span class='ocr_line' id='line_1_27' title="bbox 234 3155 1361 3229; baseline 0.002 -21"><span class='ocrx_word' id='word_1_227' title='bbox 234 3155 337 3227; x_wconf 67' lang='lat' dir='ltr'><strong>portin&lt;</strong></span> <span class='ocrx_word' id='word_1_228' title='bbox 355 3157 413 3210; x_wconf 84' lang='lat' dir='ltr'><strong>soit.</strong></span> <span class='ocrx_word' id='word_1_229' title='bbox 432 3156 570 3228; x_wconf 65' lang='grc' dir='ltr'><strong>ἡγεμονίας</strong></span> <span class='ocrx_word' id='word_1_230' title='bbox 641 3160 658 3210; x_wconf 86' lang='grc'><strong>4</strong></span> <span class='ocrx_word' id='word_1_231' title='bbox 677 3160 802 3228; x_wconf 89' lang='lat' dir='ltr'><strong>namque]</strong></span> <span class='ocrx_word' id='word_1_232' title='bbox 823 3175 856 3212; x_wconf 79' lang='lat' dir='ltr'><strong>ex</strong></span> <span class='ocrx_word' id='word_1_233' title='bbox 874 3175 960 3227; x_wconf 91' lang='lat' dir='ltr'><strong>neque</strong></span> <span class='ocrx_word' id='word_1_234' title='bbox 979 3175 1045 3214; x_wconf 85' lang='lat' dir='ltr'><strong>corr.</strong></span> <span class='ocrx_word' id='word_1_235' title='bbox 1064 3158 1103 3212; x_wconf 60' lang='lat'><strong>12³</strong></span> <span class='ocrx_word' id='word_1_236' title='bbox 1177 3159 1194 3212; x_wconf 86' lang='grc'>6</span> <span class='ocrx_word' id='word_1_237' title='bbox 1212 3158 1361 3229; x_wconf 86' lang='lat' dir='ltr'><strong>prouincia]</strong></span> 
     </span>
     <span class='ocr_line' id='line_1_28' title="bbox 234 3243 1362 3317; baseline 0.003 -20"><span class='ocrx_word' id='word_1_238' title='bbox 234 3243 304 3297; x_wconf 83' lang='lat' dir='ltr'><strong>codd</strong></span> <span class='ocrx_word' id='word_1_239' title='bbox 318 3259 333 3298; x_wconf 95' lang='lat' dir='ltr'><strong>o</strong></span> <span class='ocrx_word' id='word_1_240' title='bbox 352 3245 514 3312; x_wconf 89' lang='lat' dir='ltr'><strong>prouinciam</strong></span> <span class='ocrx_word' id='word_1_241' title='bbox 529 3244 628 3298; x_wconf 80' lang='lat' dir='ltr'><strong>Sabinos</strong></span> <span class='ocrx_word' id='word_1_242' title='bbox 692 3247 706 3298; x_wconf 80' lang='grc'><strong>7</strong></span> <span class='ocrx_word' id='word_1_243' title='bbox 726 3246 890 3316; x_wconf 87' lang='lat' dir='ltr'><strong>praicipuunr</strong></span> <span class='ocrx_word' id='word_1_244' title='bbox 906 3246 932 3299; x_wconf 92' lang='lat' dir='ltr'><em>L</em></span> <span class='ocrx_word' id='word_1_245' title='bbox 985 3247 1002 3302; x_wconf 88' lang='lat'>8</span> <span class='ocrx_word' id='word_1_246' title='bbox 1021 3246 1225 3317; x_wconf 80' lang='lat' dir='ltr'><strong>famularentur]</strong></span> <span class='ocrx_word' id='word_1_247' title='bbox 1240 3263 1273 3301; x_wconf 77' lang='lat' dir='ltr'><strong>ec</strong></span> <span class='ocrx_word' id='word_1_248' title='bbox 1286 3246 1362 3300; x_wconf 86' lang='lat' dir='ltr'><strong>labu-</strong></span> 
     </span>
     <span class='ocr_line' id='line_1_29' title="bbox 234 3331 1362 3389; baseline 0.004 -6"><span class='ocrx_word' id='word_1_249' title='bbox 234 3332 353 3384; x_wconf 91' lang='lat' dir='ltr'><strong>larentur</strong></span> <span class='ocrx_word' id='word_1_250' title='bbox 371 3331 409 3384; x_wconf 77' lang='lat' dir='ltr'><strong>L³</strong></span> <span class='ocrx_word' id='word_1_251' title='bbox 427 3331 611 3386; x_wconf 87' lang='lat' dir='ltr'><strong>fabularentur</strong></span> <span class='ocrx_word' id='word_1_252' title='bbox 628 3332 749 3388; x_wconf 84' lang='lat' dir='ltr'><strong><em>LRCPo</em></strong></span> <span class='ocrx_word' id='word_1_253' title='bbox 767 3333 923 3388; x_wconf 79' lang='lat' dir='ltr'><strong>fabulentur</strong></span> <span class='ocrx_word' id='word_1_254' title='bbox 941 3334 967 3387; x_wconf 89' lang='lat' dir='ltr'><strong><em>B</em></strong></span> <span class='ocrx_word' id='word_1_255' title='bbox 1022 3336 1038 3388; x_wconf 88' lang='grc'>9</span> <span class='ocrx_word' id='word_1_256' title='bbox 1056 3339 1166 3389; x_wconf 87' lang='lat' dir='ltr'><strong>tenuere</strong></span> <span class='ocrx_word' id='word_1_257' title='bbox 1186 3336 1214 3388; x_wconf 93' lang='lat' dir='ltr'><strong><em>P</em></strong></span> <span class='ocrx_word' id='word_1_258' title='bbox 1267 3336 1297 3389; x_wconf 94' lang='lat' dir='ltr'><strong>ll</strong></span> <span class='ocrx_word' id='word_1_259' title='bbox 1316 3351 1362 3389; x_wconf 93' lang='lat' dir='ltr'><strong>ne·</strong></span> 
     </span>
     <span class='ocr_line' id='line_1_30' title="bbox 235 3418 1362 3491; baseline 0.004 -20"><span class='ocrx_word' id='word_1_260' title='bbox 235 3436 286 3488; x_wconf 90' lang='lat' dir='ltr'><strong>que</strong></span> <span class='ocrx_word' id='word_1_261' title='bbox 305 3418 375 3488; x_wconf 90' lang='lat' dir='ltr'><strong>apud</strong></span> <span class='ocrx_word' id='word_1_262' title='bbox 395 3421 526 3488; x_wconf 84' lang='lat' dir='ltr'><strong>externos]</strong></span> <span class='ocrx_word' id='word_1_263' title='bbox 546 3419 640 3473; x_wconf 83' lang='lat' dir='ltr'><strong>addid.</strong></span> <span class='ocrx_word' id='word_1_264' title='bbox 659 3422 790 3488; x_wconf 78' lang='lat' dir='ltr'><strong>interpres</strong></span> <span class='ocrx_word' id='word_1_265' title='bbox 878 3423 944 3491; x_wconf 88' lang='lat' dir='ltr'><strong>sint]</strong></span> <span class='ocrx_word' id='word_1_266' title='bbox 963 3425 988 3475; x_wconf 80' lang='lat' dir='ltr'><strong>st</strong></span> <span class='ocrx_word' id='word_1_267' title='bbox 1006 3421 1034 3475; x_wconf 89' lang='lat' dir='ltr'><strong><em>B</em></strong></span> <span class='ocrx_word' id='word_1_268' title='bbox 1052 3426 1114 3476; x_wconf 86' lang='lat' dir='ltr'><strong>suut</strong></span> <span class='ocrx_word' id='word_1_269' title='bbox 1131 3422 1160 3477; x_wconf 88' lang='lat' dir='ltr'><em>R</em></span> <span class='ocrx_word' id='word_1_270' title='bbox 1255 3421 1362 3490; x_wconf 85' lang='lat' dir='ltr'><strong>Persae]</strong></span> 
     </span>
    </p>
   </div>
   <div class='ocr_carea' id='block_1_5' title="bbox 235 3535 1419 4217">
    <p class='ocr_par' dir='ltr' id='par_1_5' title="bbox 235 3535 1419 4217">
     <span class='ocr_line' id='line_1_31' title="bbox 235 3535 1363 3605; baseline 0.003 -19"><span class='ocrx_word' id='word_1_271' title='bbox 235 3550 282 3602; x_wconf 90' lang='lat' dir='ltr'><strong>per</strong></span> <span class='ocrx_word' id='word_1_272' title='bbox 300 3550 327 3586; x_wconf 92' lang='lat' dir='ltr'><strong>se</strong></span> <span class='ocrx_word' id='word_1_273' title='bbox 347 3548 363 3588; x_wconf 89' lang='lat' dir='ltr'><strong>o</strong></span> <span class='ocrx_word' id='word_1_274' title='bbox 437 3535 469 3587; x_wconf 78' lang='lat'><strong>12</strong></span> <span class='ocrx_word' id='word_1_275' title='bbox 487 3535 551 3602; x_wconf 87' lang='lat' dir='ltr'><strong>non]</strong></span> <span class='ocrx_word' id='word_1_276' title='bbox 572 3551 624 3586; x_wconf 93' lang='lat' dir='ltr'><strong>non</strong></span> <span class='ocrx_word' id='word_1_277' title='bbox 644 3535 729 3599; x_wconf 76' lang='lat' dir='ltr'><strong>solani</strong></span> <span class='ocrx_word' id='word_1_278' title='bbox 749 3536 776 3588; x_wconf 93' lang='lat' dir='ltr'><strong><em>P</em></strong></span> <span class='ocrx_word' id='word_1_279' title='bbox 843 3537 874 3590; x_wconf 89' lang='grc'><strong>13</strong></span> <span class='ocrx_word' id='word_1_280' title='bbox 894 3540 921 3590; x_wconf 91' lang='lat' dir='ltr'><strong>et</strong></span> <span class='ocrx_word' id='word_1_281' title='bbox 940 3538 1061 3605; x_wconf 83' lang='lat' dir='ltr'><strong>putatos]</strong></span> <span class='ocrx_word' id='word_1_282' title='bbox 1081 3540 1233 3605; x_wconf 88' lang='lat' dir='ltr'><strong>amputatos</strong></span> <span class='ocrx_word' id='word_1_283' title='bbox 1251 3536 1330 3594; x_wconf 84' lang='lat' dir='ltr'><strong>LBe.</strong></span> <span class='ocrx_word' id='word_1_284' title='bbox 1351 3553 1363 3589; x_wconf 91' lang='lat' dir='ltr'><strong>c</strong></span> 
     </span>
     <span class='ocr_line' id='line_1_32' title="bbox 236 3609 1419 3692; baseline 0.002 -18"><span class='ocrx_word' id='word_1_285' title='bbox 236 3638 266 3674; x_wconf 91' lang='lat' dir='ltr'><strong>ac</strong></span> <span class='ocrx_word' id='word_1_286' title='bbox 284 3620 481 3688; x_wconf 80' lang='lat' dir='ltr'><strong>superscribens</strong></span> <span class='ocrx_word' id='word_1_287' title='bbox 499 3625 651 3690; x_wconf 89' lang='lat' dir='ltr'><strong>amputatos</strong></span> <span class='ocrx_word' id='word_1_288' title='bbox 669 3625 700 3675; x_wconf 88' lang='lat' dir='ltr'><strong>in</strong></span> <span class='ocrx_word' id='word_1_289' title='bbox 719 3639 750 3675; x_wconf 92' lang='lat' dir='ltr'><strong>ac</strong></span> <span class='ocrx_word' id='word_1_290' title='bbox 768 3626 876 3692; x_wconf 87' lang='lat' dir='ltr'><strong>putatos</strong></span> <span class='ocrx_word' id='word_1_291' title='bbox 895 3640 962 3677; x_wconf 86' lang='lat' dir='ltr'><strong>corr.</strong></span> <span class='ocrx_word' id='word_1_292' title='bbox 982 3623 1020 3676; x_wconf 65' lang='lat'><strong>11³</strong></span> <span class='ocrx_word' id='word_1_293' title='bbox 1099 3625 1133 3677; x_wconf 79' lang='lat'><strong>14</strong></span> <span class='ocrx_word' id='word_1_294' title='bbox 1151 3641 1200 3677; x_wconf 85' lang='lat' dir='ltr'><strong>nos</strong></span> <span class='ocrx_word' id='word_1_295' title='bbox 1218 3624 1363 3678; x_wconf 83' lang='lat' dir='ltr'><strong>stultitiam</strong></span> <span class='ocrx_word' id='word_1_296' title='bbox 1416 3609 1419 3617; x_wconf 50' lang='lat'><strong>¹</strong></span> 
     </span>
     <span class='ocr_line' id='line_1_33' title="bbox 236 3708 1364 3780; baseline 0.004 -20"><span class='ocrx_word' id='word_1_297' title='bbox 236 3715 268 3761; x_wconf 87' lang='lat' dir='ltr'><strong>tr.</strong></span> <span class='ocrx_word' id='word_1_298' title='bbox 287 3708 314 3762; x_wconf 85' lang='lat' dir='ltr'><em>R</em></span> <span class='ocrx_word' id='word_1_299' title='bbox 369 3709 400 3762; x_wconf 89' lang='grc'><strong>16</strong></span> <span class='ocrx_word' id='word_1_300' title='bbox 421 3709 487 3761; x_wconf 87' lang='lat' dir='ltr'><strong>alios</strong></span> <span class='ocrx_word' id='word_1_301' title='bbox 507 3708 640 3762; x_wconf 80' lang='lat' dir='ltr'><strong>uero-18</strong></span> <span class='ocrx_word' id='word_1_302' title='bbox 659 3709 860 3779; x_wconf 86' lang='lat' dir='ltr'><strong>farnosissimos]</strong></span> <span class='ocrx_word' id='word_1_303' title='bbox 879 3726 929 3763; x_wconf 86' lang='grc' dir='ltr'><strong>οιιι.</strong></span> <span class='ocrx_word' id='word_1_304' title='bbox 949 3711 1019 3776; x_wconf 73' lang='grc'><strong>(1))(1</strong></span> <span class='ocrx_word' id='word_1_305' title='bbox 1091 3711 1148 3764; x_wconf 84' lang='lat' dir='ltr'><strong>alos</strong></span> <span class='ocrx_word' id='word_1_306' title='bbox 1166 3710 1194 3764; x_wconf 91' lang='lat' dir='ltr'><em>P</em></span> <span class='ocrx_word' id='word_1_307' title='bbox 1248 3712 1280 3764; x_wconf 84' lang='lat'><strong>17</strong></span> <span class='ocrx_word' id='word_1_308' title='bbox 1299 3712 1364 3780; x_wconf 85' lang='lat' dir='ltr'><strong>piis·</strong></span> 
     </span>
     <span class='ocr_line' id='line_1_34' title="bbox 236 3793 1364 3868; baseline 0 -20"><span class='ocrx_word' id='word_1_309' title='bbox 236 3797 326 3864; x_wconf 81' lang='lat' dir='ltr'><strong>simos]</strong></span> <span class='ocrx_word' id='word_1_310' title='bbox 347 3797 503 3864; x_wconf 86' lang='lat' dir='ltr'><strong>purissimos</strong></span> <span class='ocrx_word' id='word_1_311' title='bbox 521 3797 549 3848; x_wconf 94' lang='lat' dir='ltr'><strong><em>P</em></strong></span> <span class='ocrx_word' id='word_1_312' title='bbox 622 3796 653 3850; x_wconf 80' lang='lat'><strong>18</strong></span> <span class='ocrx_word' id='word_1_313' title='bbox 673 3799 944 3866; x_wconf 87' lang='lat' dir='ltr'><strong>quorum-sauciati]</strong></span> <span class='ocrx_word' id='word_1_314' title='bbox 963 3793 999 3851; x_wconf 79' lang='grc' dir='ltr'><strong>ὧν</strong></span> <span class='ocrx_word' id='word_1_315' title='bbox 1018 3799 1064 3850; x_wconf 74' lang='grc' dir='ltr'><strong>ἕνα</strong></span> <span class='ocrx_word' id='word_1_316' title='bbox 1081 3803 1183 3868; x_wconf 73' lang='grc' dir='ltr'><strong>ιιροῖιον</strong></span> <span class='ocrx_word' id='word_1_317' title='bbox 1202 3797 1267 3861; x_wconf 76' lang='grc' dir='ltr'><strong>οἵαις</strong></span> <span class='ocrx_word' id='word_1_318' title='bbox 1286 3796 1364 3868; x_wconf 71' lang='grc' dir='ltr'><strong>ἐχρή-</strong></span> 
     </span>
     <span class='ocr_line' id='line_1_35' title="bbox 237 3880 1365 3957; baseline 0.002 -23"><span class='ocrx_word' id='word_1_319' title='bbox 237 3902 298 3934; x_wconf 81' lang='lat' dir='ltr'><strong>curn</strong></span> <span class='ocrx_word' id='word_1_320' title='bbox 319 3889 460 3953; x_wconf 67' lang='grc' dir='ltr'><strong>συμφοραῖς</strong></span> <span class='ocrx_word' id='word_1_321' title='bbox 480 3882 535 3951; x_wconf 77' lang='grc' dir='ltr'><strong>βίοι)</strong></span> <span class='ocrx_word' id='word_1_322' title='bbox 554 3884 753 3952; x_wconf 77' lang='lat' dir='ltr'><strong>corruptissime</strong></span> <span class='ocrx_word' id='word_1_323' title='bbox 765 3887 796 3948; x_wconf 86' lang='lat' dir='ltr'><strong>ll,</strong></span> <span class='ocrx_word' id='word_1_324' title='bbox 816 3880 852 3938; x_wconf 76' lang='lat' dir='ltr'><strong>da</strong></span> <span class='ocrx_word' id='word_1_325' title='bbox 871 3883 994 3955; x_wconf 76' lang='grc' dir='ltr'><strong>ἐξαίρετοι</strong></span> <span class='ocrx_word' id='word_1_326' title='bbox 1011 3883 1145 3947; x_wconf 78' lang='grc' dir='ltr'><strong>παντοίαις</strong></span> <span class='ocrx_word' id='word_1_327' title='bbox 1164 3885 1308 3957; x_wconf 70' lang='grc' dir='ltr'><strong>ἐχρήσαντο</strong></span> <span class='ocrx_word' id='word_1_328' title='bbox 1322 3885 1365 3936; x_wconf 72' lang='lat' dir='ltr'><strong>nai</strong></span> 
     </span>
     <span class='ocr_line' id='line_1_36' title="bbox 236 3970 1367 4039; baseline 0.003 -17"><span class='ocrx_word' id='word_1_329' title='bbox 236 3970 282 4022; x_wconf 81' lang='lat' dir='ltr'><strong>net</strong></span> <span class='ocrx_word' id='word_1_330' title='bbox 298 3971 385 4023; x_wconf 72' lang='lat' dir='ltr'><strong>sinente</strong></span> <span class='ocrx_word' id='word_1_331' title='bbox 403 3970 471 4037; x_wconf 81' lang='lat' dir='ltr'><strong>qnid</strong></span> <span class='ocrx_word' id='word_1_332' title='bbox 487 3976 591 4024; x_wconf 74' lang='lat' dir='ltr'><strong>eleutero</strong></span> <span class='ocrx_word' id='word_1_333' title='bbox 609 3971 718 4024; x_wconf 81' lang='lat' dir='ltr'><strong>uidetur</strong></span> <span class='ocrx_word' id='word_1_334' title='bbox 735 3971 868 4039; x_wconf 80' lang='lat' dir='ltr'><strong>interpres</strong></span> <span class='ocrx_word' id='word_1_335' title='bbox 930 3970 1029 4025; x_wconf 86' lang='lat' dir='ltr'><strong>diuersi</strong></span> <span class='ocrx_word' id='word_1_336' title='bbox 1046 3972 1073 4024; x_wconf 93' lang='lat' dir='ltr'><em>P</em></span> <span class='ocrx_word' id='word_1_337' title='bbox 1127 3971 1160 4025; x_wconf 87' lang='grc'><strong>19</strong></span> <span class='ocrx_word' id='word_1_338' title='bbox 1179 3972 1327 4025; x_wconf 83' lang='lat' dir='ltr'><strong>calamitati</strong></span> <span class='ocrx_word' id='word_1_339' title='bbox 1339 3971 1367 4025; x_wconf 94' lang='lat' dir='ltr'><strong><em>P</em></strong></span> 
     </span>
     <span class='ocr_line' id='line_1_37' title="bbox 272 4057 1365 4128; baseline 0.003 -18"><span class='ocrx_word' id='word_1_340' title='bbox 272 4058 386 4111; x_wconf 88' lang='lat' dir='ltr'><strong>sanciati</strong></span> <span class='ocrx_word' id='word_1_341' title='bbox 404 4059 430 4113; x_wconf 86' lang='lat' dir='ltr'><em>R</em></span> <span class='ocrx_word' id='word_1_342' title='bbox 484 4058 617 4128; x_wconf 89' lang='lat' dir='ltr'><strong>diruptam</strong></span> <span class='ocrx_word' id='word_1_343' title='bbox 635 4059 662 4112; x_wconf 87' lang='lat' dir='ltr'><em>R</em></span> <span class='ocrx_word' id='word_1_344' title='bbox 717 4059 750 4112; x_wconf 84' lang='lat'><strong>20</strong></span> <span class='ocrx_word' id='word_1_345' title='bbox 769 4059 944 4128; x_wconf 88' lang='lat' dir='ltr'><strong>ephescenum</strong></span> <span class='ocrx_word' id='word_1_346' title='bbox 963 4059 990 4113; x_wconf 81' lang='lat' dir='ltr'><strong>n</strong></span> <span class='ocrx_word' id='word_1_347' title='bbox 1009 4057 1152 4128; x_wconf 85' lang='lat' dir='ltr'><strong>epheseum</strong></span> <span class='ocrx_word' id='word_1_348' title='bbox 1165 4059 1193 4113; x_wconf 94' lang='lat' dir='ltr'><strong><em>P</em></strong></span> <span class='ocrx_word' id='word_1_349' title='bbox 1210 4059 1365 4128; x_wconf 86' lang='lat' dir='ltr'><strong>ephesinum</strong></span> 
     </span>
     <span class='ocr_line' id='line_1_38' title="bbox 237 4145 1134 4217; baseline 0.003 -21"><span class='ocrx_word' id='word_1_350' title='bbox 237 4146 278 4200; x_wconf 81' lang='lat' dir='ltr'><strong>erl.</strong></span> <span class='ocrx_word' id='word_1_351' title='bbox 301 4145 390 4198; x_wconf 77' lang='lat' dir='ltr'><strong>l&#39;enet.</strong></span> <span class='ocrx_word' id='word_1_352' title='bbox 411 4150 481 4199; x_wconf 81' lang='lat'><strong><em>1510</em></strong></span> <span class='ocrx_word' id='word_1_353' title='bbox 555 4145 639 4198; x_wconf 83' lang='lat' dir='ltr'><strong>delfos</strong></span> <span class='ocrx_word' id='word_1_354' title='bbox 659 4147 699 4211; x_wconf 80' lang='lat' dir='ltr'><strong>(in</strong></span> <span class='ocrx_word' id='word_1_355' title='bbox 717 4163 801 4216; x_wconf 74' lang='lat' dir='ltr'><strong>morp.</strong></span> <span class='ocrx_word' id='word_1_356' title='bbox 821 4146 933 4217; x_wconf 89' lang='lat' dir='ltr'><strong>delphos</strong></span> <span class='ocrx_word' id='word_1_357' title='bbox 953 4163 1021 4201; x_wconf 87' lang='lat' dir='ltr'><strong>corr.</strong></span> <span class='ocrx_word' id='word_1_358' title='bbox 1040 4145 1090 4213; x_wconf 65' lang='lat'><strong>11²)</strong></span> <span class='ocrx_word' id='word_1_359' title='bbox 1107 4146 1134 4199; x_wconf 74' lang='lat' dir='ltr'><strong>A</strong></span> 
     </span>
    </p>
   </div>
   <div class='ocr_carea' id='block_1_6' title="bbox 0 0 1535 4756">
    <p class='ocr_par' dir='ltr' id='par_1_6' title="bbox 0 0 1535 4756">
     <span class='ocr_line' id='line_1_39' title="bbox 0 0 1535 4756; baseline 0 0"><span class='ocrx_word' id='word_1_360' title='bbox 0 0 1535 4756; x_wconf 95' lang='lat' dir='ltr'><strong> </strong></span> 
     </span>
    </p>
   </div>
  </div>
 </body>
</html>
