3036 4756
210 289 251 352 88
465 283 607 340 Contra
634 285 816 355 Apionern
841 287 876 342 11.
897 287 1081 354 iO-ittb‘i)

158 486 200 550 70
210 501 335 564 purum.
363 481 424 564 ipsi
452 481 552 564 igitur
578 482 742 547 molestiae
770 482 864 547 irrrius
892 483 977 546 fuere
1010 482 1197 566 principium
1228 499 1340 565 nequa·

211 607 304 669 quam
323 587 440 668 populo
459 587 693 651 Macedonicam
712 587 844 652 habente
863 590 1072 653 constantiam
1091 607 1192 670 neque
1210 585 1340 669 pruden-

210 693 287 756 tiam
316 692 478 768 Graecam,
507 692 562 756 sed
590 692 712 756 cunctis
741 693 861 757 scilicet
888 694 1051 758 utentibus
1079 694 1170 757 malis
1203 691 1340 756 moribus

209 798 436 881 Aegyptiorum
452 803 483 861 et
501 798 646 878 antiquas
664 797 845 862 inimicitias
864 799 1030 863 aduersum
1046 819 1102 862 nos
1118 797 1340 863 exercentibus.

158 909 227 972 ‘ile
255 902 379 967 diuerso
408 921 540 983 namque
568 901 685 966 factum
714 905 772 978 est,
800 904 882 986 qnod
912 904 1001 969 nobis
1026 905 1232 987 improperare
1255 921 1341 983 prae·
1373 924 1386 962 e

211 1011 354 1077 sumunt:
393 1027 463 1071 uam
502 1026 572 1072 cnm
609 1009 736 1090 plurimi
774 1028 882 1073 eorum
915 1030 974 1073 non
1008 1014 1158 1092 oportune
1191 1009 1240 1070 ius
1273 1008 1340 1070 eius

211 1113 376 1177 ciuilitatis
409 1114 580 1194 optineant,
608 1115 786 1196 peregrinos
815 1120 930 1179 uocant
957 1135 1021 1192 eos,
1049 1115 1101 1196 qui
1129 1115 1188 1177 boc
1216 1112 1342 1194 priuile-

159 1218 297 1301 72giurn
322 1237 339 1281 a
363 1218 498 1283 dominis
525 1219 709 1301 impetrasse
737 1224 920 1284 noscuntur.
953 1240 1023 1284 uam
1051 1219 1214 1303 Aegyptiis
1243 1236 1342 1298 neque

211 1343 322 1407 regum
350 1325 514 1406 qnisquam
545 1325 671 1390 uidetur
697 1326 747 1389 ius
776 1327 941 1391 ciuilitatis
964 1327 1063 1391 fuisse
1086 1325 1219 1410 largitus
1243 1341 1341 1404 neque

211 1449 293 1494 nunc
330 1431 463 1512 quilibet
498 1431 733 1515 imperatorum,
771 1451 827 1495 nos
864 1436 968 1496 autem
1005 1431 1178 1495 Alexander
1218 1428 1341 1510 quidem
1364 1459 1389 1498 ιο

212 1535 392 1612 introduxit,
415 1555 505 1621 reges
529 1541 634 1601 autem
658 1541 818 1612 auxerunt,
841 1538 972 1602 Romani
996 1557 1069 1601 uero
1094 1556 1217 1618 semper
1240 1537 1343 1597 custo-

160 1642 277 1708 audire
305 1642 426 1726 dignati
454 1646 537 1709 sunt.
566 1644 672 1726 itaque
700 1643 846 1727 derogare
874 1645 964 1708 nobis
992 1643 1093 1726 Apion
1121 1645 1251 1706 conatus
1283 1644 1342 1703 est.

212 1748 284 1830 quia
307 1748 529 1829 imperatorum
553 1768 612 1813 non
636 1752 812 1813 statuamus
831 1749 995 1834 imagines,
1014 1752 1172 1830 tamquam
1195 1748 1260 1811 illis
1285 1746 1343 1809 boc

219 1854 425 1936 gnorantibus
454 1858 509 1918 aut
536 1854 715 1919 defensione
738 1855 869 1937 Apionis
893 1854 1117 1938 indigentibus,
1142 1872 1212 1917 curn
1237 1852 1342 1934 potius

213 1958 356 2024 debuerit
382 1959 538 2024 ammirari
569 1960 858 2044 magnanimitatem
889 1960 1199 2041 mediocritatemque
1231 1957 1386 2027 Roma-1⁵

212 2085 332 2144 norum,
365 2065 510 2147 quoniam
544 2065 703 2130 subiectos
732 2085 792 2130 non
809 2070 939 2150 ‘cogunt
965 2066 1066 2150 patria
1092 2065 1160 2129 iura
1186 2067 1344 2129 transcen·

208 2171 295 2247 dere,
333 2171 387 2236 sed
425 2171 605 2255 suscipiunt
640 2172 783 2250 honores,
821 2172 905 2236 sicut
941 2172 1012 2236 dare
1050 2171 1215 2237 offerentes
1256 2169 1344 2251 pium

213 2280 305 2358 atque
331 2277 510 2360 legitimum
538 2282 596 2343 ost.
625 2297 684 2342 non
714 2278 795 2342 enim
823 2279 955 2344 honores
982 2277 1113 2367 gratiam
1139 2275 1265 2354 babent,
1290 2275 1343 2356 qui

162 2387 204 2450 74
214 2400 249 2446 ex
287 2383 475 2448 necessitate
512 2386 544 2448 et
579 2383 732 2448 uiolentia
768 2384 978 2448 conferuntur.
1013 2381 1140 2449 Graecis
1173 2382 1280 2463 itaque
1313 2383 1344 2444 et

214 2488 284 2552 aliis
322 2489 510 2569 quibusdam
546 2490 663 2555 bonum
700 2509 769 2554 csse
807 2489 943 2554 creditur
979 2488 1132 2574 imagines
1168 2487 1343 2552 instituere.
1362 2520 1388 2560 sn

214 2592 347 2676 denique
371 2598 402 2659 et
424 2599 548 2678 patrum
572 2605 603 2659 et
626 2614 756 2660 uxomm
780 2595 979 2676 filiorumque
999 2594 1115 2679 figuras
1139 2592 1344 2676 depingentes

215 2700 364 2778 exultant,
389 2700 516 2783 quidam
540 2720 613 2767 uero
638 2703 732 2766 etiam
756 2701 833 2765 nibil
858 2700 918 2765 sibi
942 2699 1187 2783 competentium
1214 2702 1343 2762 sumunt

302 2924 380 2983 LBR,
400 2923 453 2992 ΟΡ,
472 2940 496 2981 e.
520 2954 552 2965 -

252 3084 265 3135 l
285 3099 452 3151 naquaquam
472 3083 499 3150 (a
516 3083 547 3135 in
566 3099 579 3135 e
598 3099 666 3136 corr.
680 3083 747 3150 ipae)
761 3082 787 3136 L
805 3075 1029 3152 necquaquamR
1064 3081 1081 3134 2
1100 3080 1227 3150 habente]
1245 3079 1344 3133 habere

215 3172 243 3226 R
313 3169 458 3240 prudentio
477 3173 506 3240 (n
525 3173 663 3226 tamenin
682 3172 835 3238 scurrula
887 3170 1051 3226 3silicetP
1119 3168 1272 3237 utentibus]
1291 3169 1345 3221 uir·

215 3258 320 3313 tutibus
337 3259 366 3314 R
434 3260 452 3312 4
470 3258 612 3313 aduersum
629 3261 690 3328 nos]
711 3258 882 3320 aduersurnos
900 3258 953 3313 LB
971 3256 1148 3320 aduersdsnos
1167 3255 1194 3310 P
1261 3259 1277 3310 5
1295 3256 1345 3310 im-

215 3353 357 3416 properate
378 3346 402 3400 C
489 3349 504 3400 7
532 3347 641 3416 uocant]
661 3346 761 3402 Sobtue
778 3348 810 3400 in
827 3347 867 3401 ed.
889 3346 982 3401 Coton.
1002 3349 1078 3400 1524
1096 3348 1223 3399 uocantes
1241 3344 1311 3399 codd
1328 3359 1345 3399 e

251 3435 447 3505 praeuilegiuru
464 3436 492 3491 R
575 3434 759 3490 Sadominis
778 3435 947 3506 impetrasse]
967 3434 1080 3497 contem
1099 3432 1134 3488 ad
1152 3449 1244 3487 omnes
1262 3433 1345 3503 impe·
1401 3435 1407 3440 '

216 3539 289 3577 rasse
309 3522 379 3577 codd
397 3538 413 3579 e
432 3524 602 3594 -impetrasse
621 3523 662 3578 ed.
686 3523 775 3578 Vener.
794 3526 866 3576 1510
922 3522 1079 3591 tlargitus,
1097 3524 1126 3575 te
1144 3537 1177 3575 ea
1194 3522 1301 3575 t‘corr.
1319 3521 1346 3573 B

219 3638 252 3692 lo
270 3637 350 3709 nunc]
370 3654 420 3692 om.
442 3638 465 3691 0
548 3639 579 3692 11
600 3597 684 3694 indui
703 3643 755 3704 (tro
773 3655 796 3693 a
814 3636 862 3706 L²)
881 3636 907 3691 L
989 3637 1163 3705 laconum]
1183 3634 1309 3706 dignatus
1329 3649 1345 3690 o

219 3727 252 3782 13
270 3727 458 3797 imperatorem
477 3727 505 3782 R
593 3728 625 3782 la
644 3726 706 3797 hoc]
724 3726 819 3782 onnO
898 3719 1347 3794 resur-indigentibusqom.1r
1411 3771 1416 3778 .

252 3816 377 3885 Apionis]
397 3831 430 3868 ea
448 3814 553 3885 opionis
571 3831 639 3871 corr.
658 3815 685 3869 L
742 3816 774 3868 15
793 3814 898 3868 amirari
915 3814 969 3870 Rt'
985 3813 1110 3867 admirari
1129 3827 1146 3867 e
1163 3812 1208 3867 bie
1225 3818 1250 3867 et
1266 3813 1346 3880 infra

251 3902 530 3973 mediocritatemque]
549 3902 762 3971 modestiamque
782 3901 910 3956 Gelenius
964 3904 996 3956 16
1015 3903 1087 3971 cogit
1106 3916 1123 3957 e
1186 3901 1219 3955 18
1237 3900 1346 3970 legipti-

217 4008 289 4046 mum
308 3991 362 4047 Rc
457 3990 1027 4046 honoriscoddehouoribusSobr'used.
1049 3989 1201 4044 (1011524
1289 3987 1345 4057 qui]

219 4095 270 4148 que
288 4080 317 4135 R
380 4080 413 4134 19
431 4079 544 4133 uiolenti
562 4079 589 4133 P
649 4081 680 4133 21
701 4079 868 4149 filiorumque
887 4096 993 4132 suornm
1011 4079 1110 4146 figuras
1128 4077 1182 4132 ΒΡ
1199 4083 1224 4130 et
1241 4077 1269 4128 in
1289 4091 1345 4128 ras.

218 4167 256 4219 B¹
271 4171 367 4232 (anteo
380 4169 448 4235 fuit:
463 4168 631 4238 filiorumque
644 4167 756 4238 figuras)
828 4168 862 4221 2‘2
876 4166 950 4236 uero]
965 4182 1017 4220 non
1028 4165 1055 4220 R
1126 4168 1308 4235 competentes
1319 4162 1346 4218 R
