3036 4756
222 291 264 354 48
384 288 527 343 Contra
555 288 738 359 Apionern
760 291 783 356 I,
802 292 943 347 214-219
963 292 1072 361 (XXIII.
1091 293 1188 364 XXIV)

221 484 359 547 luntates
387 482 550 549 hominum
580 485 773 551 differebant.
807 486 867 551 alio
896 505 1028 567 namque
1060 486 1181 568 placuit
1211 489 1353 553 studium

221 587 335 651 habere
362 589 512 653 memoria
540 588 681 672 dignum,
714 590 775 654 ulio
808 610 883 657 uero
917 591 1042 656 omnino
1075 593 1157 656 circa
1187 595 1354 659 ueritatem

134 689 197 752 215
221 694 375 774 quaedam
398 695 503 777 passio
528 693 665 759 cernitur
687 697 883 762 obscurasse.
909 697 1072 761 sufiiciunt
1089 701 1194 763 tamen
1214 701 1253 764 ad
1272 719 1354 765 com·

220 799 437 880 probationem
460 801 658 882 antiquitatis
680 805 805 867 nostrae
830 804 1055 887 Aegyptiorum
1075 805 1107 867 et
1126 803 1354 869 Chaldaeorum

220 923 256 969 ac
292 905 487 971 Phoenicum
523 906 673 971 historiae
710 911 742 972 et
778 928 872 991 super
907 910 979 974 illas
1017 908 1208 974 Graecorum
1240 910 1356 992 pariter
1386 933 1400 974 s

132 1005 196 1069 216
220 1013 459 1106 conscriptores.
496 1012 598 1078 adhuc
632 1013 713 1077 enim
747 1033 840 1098 super
870 1035 906 1079 ea
935 1035 1014 1097 quae
1043 1016 1128 1080 diota
1155 1019 1229 1080 sunt
1256 1016 1355 1080 Theo-

218 1117 325 1199 philus
349 1121 381 1182 et
403 1118 584 1184 Theodotus
609 1122 641 1184 et
662 1120 828 1186 Menoecea
853 1124 884 1185 ct
907 1121 1134 1205 Aristophanes
1165 1126 1197 1186 et
1224 1123 1354 1188 Hermo-

219 1241 315 1305 genes
343 1227 375 1288 et
401 1225 573 1290 Euernerus
602 1228 634 1290 et
662 1226 760 1292 Cinon
789 1231 821 1291 et
849 1227 1003 1310 Zopyrion
1038 1231 1070 1291 et
1102 1229 1195 1292 multi
1228 1228 1354 1310 quidem

219 1329 274 1393 alii
297 1329 403 1409 simul,
427 1349 487 1395 non
512 1332 595 1396 enim
619 1351 678 1416 ego
702 1332 848 1398 omnibus
870 1333 961 1397 libris
984 1334 1125 1412 incubui,
1153 1352 1214 1398 non
1243 1334 1355 1398 transi-

131 1426 194 1490 217
218 1435 297 1499 tou'e
320 1437 420 1501 nostri
443 1437 544 1501 secere
570 1438 771 1502 mentionem.
805 1439 934 1520 plurimi
961 1458 1096 1521 namque
1124 1439 1354 1520 praedictorum
1373 1463 1398 1503 ιο

218 1541 358 1606 uirorum
381 1544 515 1608 ueritate
538 1543 666 1626 quidem
689 1544 888 1626 antiquarum
912 1563 1078 1609 causarum
1102 1544 1245 1609 frustrati
1270 1549 1355 1622 sunt,

219 1645 293 1728 quia
313 1647 444 1712 lectioni
468 1668 575 1714 sacrae
598 1653 778 1715 nostrorum
801 1669 861 1715 non
885 1649 1054 1715 incubuere
1076 1649 1242 1726 librorum;
1272 1668 1354 1713 com·

217 1752 354 1816 muniter
384 1755 488 1816 tomen
521 1753 628 1817 cuncti
659 1753 698 1817 dc
731 1753 919 1836 antiquitate
952 1754 1063 1818 testati
1096 1758 1180 1832 sunt,
1208 1774 1263 1837 pro
1292 1772 1355 1835 qua

130 1848 193 1916 218
217 1877 300 1922 nunc
327 1858 441 1923 referre
470 1860 630 1941 proposui.
663 1859 834 1924 Phalereus
863 1862 970 1924 autem
999 1860 1178 1924 Demetrius
1202 1863 1234 1922 et
1253 1858 1356 1924 senior

216 1962 331 2026 Philon
369 1951 400 2028 et
435 1964 629 2045 Eupolemus
665 1984 724 2030 non
761 1965 898 2029 multum
929 1964 1073 2031 ueritate,
1096 1965 1239 2029 frustrati
1269 1967 1398 2041 suntor

218 2068 333 2150 quihus
370 2069 437 2134 dari
473 2070 599 2133 ueniam
635 2069 766 2152 dignum
803 2074 862 2135 est.
899 2090 960 2136 non
993 2071 1075 2135 enim
1106 2071 1207 2135 inerat
1238 2070 1294 2148 eis,
1317 2073 1356 2133 ut

216 2176 341 2240 nostrus
363 2175 487 2239 litteras
511 2177 641 2256 possent
664 2177 747 2240 omni
771 2177 1017 2266 scrupulositate
1041 2177 1143 2259 sequi.

129 2275 193 2339 219
259 2280 374 2348 XXIV.
398 2281 457 2345 His
481 2281 526 2344 ita
549 2281 643 2346 dictis
665 2301 764 2345 unum
783 2282 885 2345 adhuc
910 2282 988 2345 mihi
1014 2281 1189 2365 capit-ulum
1212 2285 1262 2346 est
1283 2281 1353 2345 reli-

304 2557 382 2622 LBR,
402 2557 454 2622 CP,
474 2573 498 2613 e.
518 2588 551 2597 -
571 2557 659 2611 Euseb
678 2556 709 2620 h,
730 2557 771 2610 ed.
790 2575 828 2626 pr.

252 2732 264 2785 1
282 2732 495 2801 alio-dignum]
507 2731 617 2798 Ioseplri
630 2731 793 2784 senteutiam
805 2745 862 2783 000
875 2735 944 2784 recte
957 2729 1092 2784 intellexit
1105 2730 1238 2798 interpres
1288 2730 1352 2800 alio]

216 2819 294 2874 alteri
310 2819 390 2873 Galil
404 2820 431 2873 P
482 2813 766 2888 Ῑ)100011]α”.α.ἔόαξεν;
783 2815 905 2888 ἐδόξαμεν
955 2818 971 2869 2
987 2816 1049 2885 alio]
1065 2817 1105 2881 R;
1120 2818 1250 2886 scriptum
1261 2819 1352 2886 fuisse

214 2907 326 2960 uidetur
348 2924 367 2961 a
388 2911 446 2960 lm.
465 2905 500 2967 L,
524 2905 567 2958 ita
592 2910 683 2958 tameo
707 2910 853 2958 correctum
876 2908 922 2966 eat,
945 2909 977 2956 ut
999 2903 1088 2957 airoiie
1110 2904 1185 2970 fieret
1207 2906 1270 2958 uoci
1288 2904 1352 2969 alid,

215 2995 289 3048 unde
306 2992 381 3047 aliud
401 2993 450 3057 Ora
470 2992 552 3046 aliurn
570 2991 665 3047 BOPe
718 2993 794 3060 uero]
814 2993 845 3045 ire
862 3008 919 3045 raa.
933 2992 961 3044 B
1014 2991 1095 3060 circa]
1115 2992 1179 3060 πρὸς
1234 2994 1352 3061 3quae·

217 3081 278 3135 dam
295 3081 396 3152 passio]
410 3100 434 3134 τι
447 3078 528 3140 adhoc
540 3078 588 3130 oba
602 3074 732 3150 εὔγνωμον
785 3079 803 3130 4
816 3078 1022 3148 Aegyptiomm]
1038 3095 1098 3132 cum
1111 3083 1142 3141 A,
1159 3077 1246 3150 Σύρων
1259 3080 1352 3135 Eoseh

216 3173 233 3225 5
252 3170 294 3239 ac]
314 3173 395 3237 atque
414 3183 430 3222 e
484 3166 557 3236 illas]
577 3181 610 3219 ex
628 3165 682 3219 illis
701 3182 769 3220 corr.
788 3166 826 3219 Β1
843 3167 906 3220 illos
924 3167 972 3220 GP
1024 3169 1040 3221 6
1060 3169 1264 3237 conscriptores]
1290 3185 1354 3221 con-

216 3257 376 3327 scriptiones
394 3255 465 3311 LBe
537 3253 625 3308 adhuc
643 3256 725 3323 enim]
745 3253 826 3307 ἔτιδὲ
846 3254 889 3306 καὶ
906 3258 930 3309 Δ
949 3255 1035 3309 adhuc
1054 3256 1135 3309 etiam
1156 3256 1255 3310 conicit
1273 3255 1355 3310 Niese

252 3361 332 3416 super
350 3361 383 3398 ea
401 3360 470 3413 quae
484 3341 558 3396 <licta
571 3342 646 3410 eunt]
659 3343 723 3412 πρὸς
736 3348 789 3405 τοῖς
804 3341 948 3414 εἰρημένοις
959 3343 1017 3398 scil.
1034 3350 1217 3414 συγγραφεῦσιν
1284 3360 1352 3413 quae

217 3432 291 3488 dicta
308 3433 383 3501 sunt]
402 3448 453 3485 om.
473 3446 490 3486 e
552 3433 566 3484 7
586 3428 753 3498 Theodotus]
772 3430 918 3484 theodorus
936 3431 980 3485 Le
999 3430 1143 3484 theodonis
1161 3431 1189 3483 B
1259 3432 1353 3486 blana-

216 3522 289 3589 aeas]
307 3535 446 3574 manaseas
463 3519 491 3573 R
509 3534 664 3573 manascere
682 3517 709 3570 P
725 3515 847 3580 Μνασέας
907 3519 1093 3587 aristophanus
1112 3518 1189 3572 codd.
1249 3535 1353 3588 germo-

218 3625 300 3678 genes
318 3607 396 3662 codd.
468 3607 484 3660 8
504 3623 626 3660 eumerus
644 3606 672 3660 R
691 3623 796 3659 omerus
817 3606 865 3661 GP
941 3605 1037 3675 Cinon]
1058 3607 1136 3659 cinun
1154 3605 1208 3659 LB
1225 3606 1256 3660 io
1275 3607 1354 3660 cinon

217 3712 287 3750 corr.
300 3696 339 3749 Β1
358 3695 445 3749 cinurn
465 3709 482 3748 e
501 3696 560 3748 cino
574 3693 655 3749 RCP
670 3693 791 3746 κόνωνΛ
809 3693 897 3765 νόμων
916 3694 1008 3748 Eueeh
1062 3695 1169 3764 zopiron
1183 3694 1211 3747 P
1262 3696 1278 3748 9
1297 3711 1353 3747 our-

217 3784 308 3853 nibus]
325 3783 537 3838 omniumBRP
554 3790 631 3838 πᾶσιν
682 3782 860 3836 transititorie
875 3781 902 3834 P
955 3783 988 3836 10
1005 3781 1093 3835 facere
1106 3781 1178 3836 BPe
1233 3781 1263 3835 ll
1284 3784 1352 3836 ueri·

218 3901 304 3952 tatem
322 3897 436 3954 coctae
507 3862 617 3951 frustati
631 3895 669 3950 B¹
724 3898 757 3950 12
775 3896 899 3950 lectionis
913 3896 939 3949 L
991 3895 1120 3949 librorum
1138 3913 1191 3949 non
1209 3897 1354 3950 incubuere

220 3994 253 4042 tr.
272 3987 300 4042 R
364 3987 396 4042 13
416 3987 622 4056 0000111000
686 3987 785 4055 13pro
805 3988 868 4055 qua]
890 3985 951 4056 ὑπὲρ
970 3977 1110 4039 obuncet
1167 3985 1199 4038 14
1217 3985 1354 4055 phalireus

219 4074 327 4130 BROP
378 4075 577 4130 autem<et>0
630 4077 663 4130 15
676 4074 850 4144 eupholemus
865 4072 936 4127 codri
998 4072 1182 4127 ueritatemO
1234 4075 1266 4127 17
1281 4089 1353 4127 scru-

219 4162 364 4233 polositote
383 4162 464 4218 LBR
520 4163 552 4217 18
572 4163 622 4216 His
640 4163 680 4216 ita
699 4161 789 4231 dictis]
810 4161 906 4216 addid.
925 4162 1060 4229 interpres
1131 4160 1165 4214 ad
1182 4161 1288 4216 hunce
1325 4162 1329 4168 ’
