3036 4756
600 299 815 353 Praelatio.
1186 282 1275 365 X'XV

144 495 364 578 digressionem
385 493 418 558 in
442 493 580 578 margine
603 492 791 557 adnotantur
813 491 853 559 od.
871 488 1094 572 discretionem,
1114 492 1153 556 ad
1170 511 1202 573 p.
1221 492 1274 571 25,

147 601 186 664 14
210 597 464 666 discerneret-ud
491 597 655 674 disserere
684 597 724 662 ad
755 618 786 680 p.
812 599 885 674 109,
911 598 950 661 17
978 603 1007 662 et
1038 617 1094 681 que
1124 597 1160 660 ui
1190 599 1275 661 utro·

145 725 203 789 que
235 706 266 771 in
298 705 379 771 libro
411 703 554 770 additum
587 707 637 768 est
667 702 785 787 sigium
808 702 840 772 R
866 703 951 786 quod
973 703 1103 770 Carolus
1126 701 1275 767 Dniatzlro

144 812 254 876 hnmm
286 830 391 876 rerum
422 809 635 892 peritissimus
666 809 808 889 requiras
841 827 910 874 esse
946 808 1193 893 intellegendum
1225 825 1276 871 me

146 916 277 982 monuit.
302 936 379 999 quas
402 918 493 982 notas
517 934 588 980 cum
610 914 720 980 eadem
738 933 817 996 quae
835 917 957 979 textum
974 933 1086 979 manus
1105 913 1275 996 scripserit,

145 1021 212 1087 fieri
233 1042 294 1088 non
316 1025 432 1106 potest,
455 1024 492 1086 ut
522 1023 633 1104 postea
663 1018 788 1085 additae
819 1019 891 1099 sint,
916 1021 972 1085 sed
1002 1019 1178 1085 necessario
1211 1017 1277 1082 effi·

145 1127 229 1191 citur
255 1126 372 1192 codicis
395 1125 596 1191 Laurentium
624 1124 787 1189 librarium
809 1143 861 1190 eas
885 1125 947 1190 iem
971 1144 1007 1190 ex
1029 1123 1196 1205 exemplari
1217 1140 1275 1187 suo

146 1231 360 1315 descripsisse,
392 1231 599 1296 Bodleianum
631 1248 716 1308 uero,
749 1248 820 1294 cum
846 1230 954 1296 eadem
976 1229 1133 1313 praebeat,
1157 1247 1217 1293 non
1240 1245 1277 1292 ex

145 1335 352 1402 Laurentiano
372 1335 428 1401 sed
447 1355 464 1401 e
483 1335 641 1401 communi
659 1335 745 1400 fonte
762 1335 925 1418 petiuisse.
945 1334 1066 1400 accedit
1084 1334 1176 1409 enim,
1192 1331 1277 1415 quod

145 1444 322 1525 complures
347 1446 422 1507 sunt
443 1442 583 1507 eiusdem
608 1441 730 1524 generis
753 1444 846 1506 notae
869 1441 1067 1525 marginales,
1091 1458 1180 1521 quas,
1203 1456 1276 1502 eum

145 1547 176 1611 in
204 1546 376 1611 Bodleiano
410 1545 537 1629 quidem
565 1548 678 1627 extent,
707 1545 922 1610 desiderentur
947 1564 1021 1610 uero
1051 1544 1082 1608 in
1096 1544 1142 1624 L,
1164 1542 1218 1607 ille
1241 1560 1277 1606 ex

145 1652 206 1717 hoc
228 1670 266 1728 ne
289 1653 436 1734 potuerat
459 1645 585 1733 quidem
608 1650 745 1726 heunirm
766 1650 812 1716 sic
829 1651 855 1714 L
872 1671 903 1733 p.
925 1652 998 1730 101,
1020 1652 1036 1714 1
1056 1646 1279 1714 astruentibus

145 1757 232 1822 nullo
262 1755 364 1840 spatio
393 1774 494 1820 uacuo
521 1756 631 1820 relicto
659 1756 776 1832 omisit,
800 1757 831 1820 in
858 1756 885 1820 Β
912 1775 988 1821 uero
1011 1756 1079 1820 hiat
1100 1771 1161 1820 non
1183 1752 1277 1817 modo

148 1862 285 1945 spatium
313 1880 366 1927 sex
392 1861 458 1926 fere
486 1860 601 1925 litteris
624 1861 783 1938 idoneum,
806 1861 862 1926 sed
885 1862 952 1945 ipse
974 1861 1120 1926 librarius
1142 1859 1174 1923 in
1198 1876 1277 1923 mar-

146 1968 217 2051 gine
241 1966 354 2032 adiecit
377 1965 410 2038 Β
425 1965 584 2049 foetidum
605 1986 635 2049 p.
657 1968 730 2044 134,
749 1968 769 2031 8
793 1967 1017 2048 queuduruLB
1035 1967 1172 2031 intentu
1195 1963 1279 2028 exhi·

146 2072 280 2152 bent,B
312 2091 386 2138 uero
420 2073 507 2138 solus
538 2071 570 2137 in
598 2072 738 2156 margine
766 2075 907 2155 supplet:
939 2071 976 2136 ut
999 2072 1167 2157 quuudum,
1199 2087 1277 2152 quae

145 2178 262 2242 frustra
293 2197 422 2261 quaeres
453 2177 485 2243 in
512 2178 548 2242 L.
572 2195 718 2260 apparere
740 2178 839 2262 igitur
861 2177 987 2242 uidetur
1009 2176 1146 2259 primum
1168 2173 1277 2240 eodem

148 2281 325 2365 exemplari,
345 2300 418 2347 cum
435 2281 561 2366 Iosephi
582 2301 675 2364 opera
694 2283 913 2362 describerent,
933 2302 1009 2348 usos
1028 2301 1097 2347 esse
1115 2279 1279 2345 Bodleiani

148 2389 181 2452 et
206 2387 406 2452 Laurentiani
438 2388 588 2452 librorum
619 2387 774 2467 librarios,
802 2390 912 2455 deinde
940 2388 999 2454 hoc
1029 2385 1277 2469 exemplarium

150 2491 334 2559 correctoris
366 2513 494 2558 manum
525 2512 654 2576 passum
682 2513 762 2573 esse,
791 2496 844 2578 qui
876 2493 1063 2577 corruptelis
1098 2485 1152 2557 uel
1187 2493 1278 2555 notas

149 2597 299 2663 adiecerit
316 2599 369 2662 uel
386 2599 540 2663 medelam
559 2599 711 2664 attulerit.
733 2619 827 2683 quare
847 2620 865 2665 a
882 2618 956 2665 uero
974 2617 1035 2664 non
1053 2596 1278 2671 aberrabimus,

149 2703 175 2767 si
197 2700 403 2769 Bodleiauum
425 2702 588 2768 librarium
609 2724 640 2786 p.
661 2706 753 2784 42‚9
777 2705 857 2770 illud
879 2723 1030 2769 renouare
1053 2691 1114 2767 iam
1137 2702 1170 2766 in
1194 2720 1278 2766 com-

148 2809 235 2873 moui
253 2808 420 2892 exemplari
437 2810 546 2874 uersui
564 2811 797 2893 superpositum
815 2810 973 2875 inuenisse
990 2826 1152 2893 ponemus,
1167 2806 1279 2871 multis

149 2913 218 2978 aliis
233 2932 307 2979 uero
326 2913 417 2992 locis,
438 2915 553 2997 quibus
572 2916 598 2979 Β
617 2915 747 2980 meliora
765 2915 870 2995 tradit,
890 2935 962 2980 eum
981 2915 1136 2998 exemplar
1153 2914 1279 2995 utrique

149 3037 314 3083 commune
341 3037 401 3083 non
425 3038 500 3084 uero
524 3021 730 3085 correctiones
755 3020 871 3085 codicis
894 3020 919 3084 L
941 3022 1084 3084 secutum
1108 3037 1188 3084 esse.
1214 3017 1278 3083 iam

149 3123 285 3189 efficitur
306 3141 381 3188 uero
405 3142 452 3204 eo,
477 3124 560 3207 quod
582 3125 676 3207 paulo
699 3128 773 3206 post
794 3124 920 3190 initium
941 3124 1084 3190 libelliL
1107 3127 1139 3189 et
1160 3124 1187 3187 Β
1211 3125 1279 3207 qui-

149 3229 220 3294 dem
237 3228 404 3294 uerborum
421 3227 529 3293 habuit
542 3230 575 3294 ei
586 3229 739 3294 luiuuu
753 3230 960 3296 similitudine
974 3230 1097 3313 decepti
1110 3231 1165 3297 ille
1183 3231 1279 3297 uerba

147 3333 470 3409 tabuit—tabuimus,
494 3336 547 3400 hic
567 3355 643 3400 uero
665 3335 987 3418 uccuou-leudimuit,
1011 3355 1089 3420 quae
1116 3337 1224 3403 statim
1247 3338 1278 3402 iu

148 3441 288 3525 margine
315 3441 477 3524 suppleuit
502 3440 604 3524 prima
629 3462 752 3522 manus,
776 3443 956 3520 omiserunt,
980 3462 1040 3508 non
1066 3445 1170 3509 solum
1192 3444 1219 3508 Β
1243 3464 1280 3510 er

148 3546 173 3610 L
195 3565 256 3612 non
277 3546 417 3624 duxisse,
441 3547 496 3611 sed
519 3546 629 3611 eodem
646 3548 726 3613 libro
745 3531 913 3634 utrumque
932 3567 1026 3614 usum
1046 3549 1279 3627 esse;te1tium

149 3671 223 3717 uero
246 3651 461 3717 intercessisse
484 3652 601 3718 librum
623 3655 829 3720 uetustiorem
851 3655 920 3720 neri
942 3658 991 3721 est
1020 3656 1278 3733 dissimillimum,

148 3757 333 3839 praesertim
356 3776 428 3822 cum
446 3759 478 3822 in
496 3759 696 3842 perplurimis
714 3763 802 3825 tanta
819 3761 862 3827 sit
880 3763 1081 3846 congruentia
1097 3764 1279 3841 lectionum,

150 3866 265 3945 quanta
285 3861 318 3928 iu
339 3862 430 3928 libris
452 3862 586 3930 diuersis
610 3884 646 3930 ex
667 3866 808 3931 fontibus
832 3851 981 3933 detinetis
1004 3887 1065 3933 non
1085 3869 1278 3934 obseruatur.

196 3968 344 4035 Oetemm
365 3970 473 4052 negari
490 3989 551 4036 non
570 3974 676 4054 potest
693 3973 720 4038 Β
740 3972 856 4039 codicis
874 3973 1036 4039 librarium
1056 3975 1133 4041 satis
1151 3976 1279 4041 doctum

149 4075 249 4140 foisse
286 4077 318 4140 et
359 4075 485 4158 saepius
521 4080 641 4142 textum
679 4079 863 4162 exemplaris
903 4081 953 4145 sui
989 4082 1152 4147 emendare
1190 4099 1280 4146 eona·

150 4182 220 4244 tum
242 4199 323 4246 esse.
