3036 4756
607 337 823 395 Praefatio.
1163 345 1282 411 XXXV

150 533 329 600 Christiana
356 532 453 618 (apud
478 532 759 598 Monteialeoninm
787 533 819 597 in
847 527 1032 599 collectione
1055 553 1137 600 noua
1158 538 1282 619 patrum

149 640 183 704 et
205 637 394 721 scriptorum
414 638 605 704 Graecorum
626 638 691 704 uol.
710 636 756 724 H)
774 637 806 703 iu
825 658 918 704 usum
939 658 1032 704 suum
1051 643 1282 707 conuerterant.

150 744 283 828 denique
311 764 347 810 en
373 744 463 810 libris
486 743 648 810 Flauianis
677 745 755 809 setis
777 745 880 810 multa
901 749 1045 810 tenemus
1067 745 1099 810 in
1121 745 1282 829 Excerptis

149 852 356 917 Peirescianis
398 870 433 915 er
474 850 672 917 Constantini
711 851 972 936 Porphyrogeniti
1012 851 1211 929 collaetaneis
1245 852 1282 918 de

149 957 324 1023 uirtutibus
348 961 381 1022 et
402 957 503 1035 uitiis,
528 976 608 1038 quae
631 975 667 1021 ex
692 956 800 1037 codice
823 956 997 1022 Turonensi
1019 957 1120 1023 Iulius
1144 957 1283 1023 Wollen·

149 1061 227 1148 berg
249 1081 320 1127 cum
345 1063 481 1128 editione
504 1062 698 1127 Bekkeriana
720 1062 835 1128 collata
858 1082 936 1129 anno
958 1063 1039 1126 1871
1061 1064 1106 1143 (in
1125 1081 1282 1148 program-

148 1171 232 1232 mate
261 1169 416 1252 gymnasii
443 1167 670 1250 F1ancogallici
698 1167 925 1252 Berolinensis)
951 1168 1071 1252 publici
1097 1168 1174 1233 iuris
1196 1167 1281 1233 iecit.

147 1272 186 1338 de
210 1273 260 1338 his
284 1273 431 1338 omnibus
455 1293 526 1339 eum
547 1273 677 1338 Niesius
700 1273 732 1337 in
764 1273 955 1356 praefatione
982 1273 1077 1338 tomis
1110 1274 1218 1356 quinto
1250 1277 1282 1338 et

147 1382 259 1462 quarto
292 1398 421 1463 operum
454 1378 581 1463 Iosephi
612 1379 787 1462 praemissa
817 1382 962 1444 accurate
995 1378 1189 1458 disseruerit,
1221 1398 1280 1464 ego

148 1484 276 1566 quidem
304 1485 372 1550 sole
399 1485 468 1549 eius
496 1484 635 1550 editione
657 1486 703 1550 ita
726 1504 797 1550 sum
819 1504 910 1562 usus,
932 1487 971 1549 ut
992 1484 1111 1567 ubique
1133 1486 1281 1551 lectorem

147 1589 188 1655 ad
211 1591 279 1656 eius
303 1590 341 1656 de
366 1590 485 1656 Graeco
507 1593 596 1655 textu
620 1590 839 1656 testimoninm
862 1590 1030 1655 remissum
1053 1591 1160 1655 uelim.

188 1697 275 1762 Inter
293 1696 464 1762 Eusebium
484 1699 589 1761 eutem
609 1695 812 1778 codicemque
830 1696 1075 1761 Laurentianum
1094 1694 1124 1764 Δ
1144 1695 1281 1761 medinm

146 1803 211 1868 iere
237 1801 342 1867 locum
371 1803 480 1867 tenent
506 1801 659 1884 Excerpta
685 1802 894 1868 Peiresciana.
931 1820 1064 1883 quornm
1092 1802 1130 1866 ad
1159 1805 1280 1866 textum

146 1927 219 1972 cnm
261 1908 366 1974 uersio
407 1907 518 1972 Latina
554 1909 620 1971 tam
652 1927 749 1991 prope
791 1907 930 1983 accedat,
963 1911 1000 1972 ut
1040 1907 1175 1991 gemello
1216 1908 1281 1972 iere

145 2015 240 2079 fratre
278 2013 395 2079 codicis
432 2013 512 2090 eius,
550 2031 612 2094 quo
645 2012 868 2078 Constantinus
904 2013 1071 2097 Augustus
1107 2014 1280 2098 Porphyre-

147 2119 284 2204 genitus,
315 2138 395 2184 usus
437 2138 507 2184 esse
546 2117 693 2183 uideatur
738 2119 858 2184 amicus
892 2119 1084 2197 cassiodori,
1122 2136 1159 2185 ee·
1198 2138 1280 2185 nunc

145 2227 239 2310 paulo
258 2226 437 2291 accuratius
451 2225 529 2290 mihi
545 2228 620 2290 sunt
638 2225 849 2303 examinanda,
868 2229 906 2291 ut
922 2225 1132 2309 perspicietur
1144 2226 1280 2308 primum

148 2351 212 2416 qua
250 2331 370 2397 ratione
407 2330 514 2415 stab
548 2329 686 2395 Eusebio
726 2334 759 2395 et
798 2350 816 2395 e
853 2330 961 2396 codice
996 2329 1026 2394 A
1064 2331 1175 2409 distet,
1211 2333 1280 2395 tum

147 2457 223 2504 uero
255 2455 318 2520 qna
351 2440 416 2502 arte
444 2439 477 2501 et
504 2455 566 2518 que
589 2435 731 2516 doctrina
752 2436 914 2519 praeditus
937 2437 1091 2521 interpres
1115 2456 1194 2519 opus
1219 2435 1279 2501 sibi

146 2544 344 2628 propositum
375 2544 540 2608 exsecutus
572 2542 624 2619 sit,
657 2546 807 2625 quantum
834 2562 884 2606 res
911 2543 1024 2625 poscit,
1056 2543 1277 2627 inuestigetur.

148 2653 253 2716 extant
279 2650 377 2735 igitur
403 2667 483 2731 quae
511 2667 529 2712 e
555 2668 586 2731 p.
612 2648 684 2725 109,
711 2649 727 2711 l
758 2666 857 2730 resque
886 2646 925 2711 ed
951 2667 981 2730 p.
1007 2650 1080 2725 112,
1106 2650 1122 2734 1
1153 2647 1186 2711 in
1208 2665 1279 2711 uer·

147 2757 236 2822 sione
262 2756 373 2820 Latina
403 2754 555 2838 leguntur
582 2754 616 2818 et
640 2752 672 2817 in
701 2753 808 2818 codiee
830 2749 861 2814 Α
885 2756 917 2817 et
944 2752 1027 2835 apud
1049 2752 1222 2819 Eusebium
1246 2755 1279 2816 et

146 2862 177 2926 in
201 2861 363 2944 Excerptis
386 2859 603 2938 Peirescianis,
627 2859 800 2940 exquibus
824 2858 1012 2944 grauissima
1034 2859 1116 2923 inter
1137 2877 1171 2924 se
1194 2875 1278 2922 eom·

146 2971 255 3052 parata
276 2987 359 3033 nunc
380 2966 551 3032 lectoribus
575 2965 634 3030 sub
658 2965 767 3031 oculos
791 2966 897 3029 mitto:
