3036 4756
230 315 272 378 62
404 311 549 369 Contra
575 312 759 383 Apionem
782 313 804 379 1,
824 315 966 370 274-278
987 316 1092 382 (XXIX.
1111 317 1195 383 XXX)

142 509 209 575 274
231 525 297 570 ram
321 507 404 591 regis
426 506 644 588 praesciebant
671 507 790 591 fugam,
821 509 875 572 sed
903 527 919 572 e
948 509 1072 576 diuerso
1102 513 1179 577 dixit
1206 513 1263 590 eis,
1291 514 1365 596 quia

230 612 315 677 filius
338 612 497 678 Amenofis
521 615 660 677 trecenta
689 613 778 678 milia
803 618 1014 694 paunatorum
1043 617 1160 682 habens
1190 622 1365 684 occurreret

231 719 270 783 ad
292 719 466 783 Pelusium.
491 722 524 783 et
545 720 604 784 hoo
629 720 755 801 quidem
779 722 941 785 uenientes
965 720 1178 787 indubitanter
1200 728 1364 803 nonerunt,

65 871 70 878 -
144 827 207 891 275
231 825 455 908 paenitentiam
478 844 554 890 uero
583 826 650 890 eius
679 830 711 890 et
737 826 845 910 sug'am
873 827 999 907 penitus
1027 828 1221 912 ignorabant.
1255 829 1365 895 deinde

232 931 309 996 dicit
344 950 416 996 eum
456 931 669 1014 optinuissent
699 931 880 1016 Aegyptum
912 934 1013 997 muita
1045 936 1128 999 mala
1160 934 1298 1018 gessisse
1329 955 1365 999 ex
1392 956 1404 994 7

230 1038 459 1120 Hierosolymis
488 1039 652 1102 uenientes
676 1076 720 1106 „a
744 1038 861 1102 habens
890 1039 1048 1103 criminari
1077 1058 1141 1117 eos,
1170 1040 1224 1121 qui
1252 1060 1287 1104 er
1313 1040 1364 1105 his

231 1143 378 1207 uidentur
413 1144 558 1220 extranei,
588 1162 660 1208 eum
688 1146 759 1208 ante
782 1144 908 1207 illorum
938 1144 1107 1209 aduentum
1135 1145 1211 1210 haee
1239 1150 1366 1228 agerent

143 1249 208 1313 276
232 1253 321 1314 etse
350 1268 441 1333 agere
471 1251 688 1313 coniurassent
715 1249 768 1331 qui
796 1268 908 1333 genere
934 1250 1085 1333 Aegyptii
1113 1254 1228 1315 essent.
1260 1254 1363 1334 poste·

211 1353 376 1435 ¹ribubus,
400 1354 513 1437 inquit,
538 1355 731 1436 temporibus
754 1354 914 1419 Amenofis
938 1354 1106 1438 adgressus
1125 1375 1231 1440 pugna
1249 1355 1367 1421 deuieit

233 1461 265 1523 et
291 1459 446 1541 perimens
475 1458 583 1522 hostes
612 1477 713 1540 usqne
741 1458 780 1522 ad
808 1457 929 1541 Syriam
958 1478 1011 1523 eos
1040 1461 1171 1543 expulit3
1205 1461 1251 1525 sio
1283 1462 1409 1525 enimn

232 1564 421 1629 omnimodis
444 1563 608 1648 Aegyptus
631 1569 738 1647 aperta
761 1565 992 1629 annotationibus
1021 1570 1070 1630 est
1098 1585 1133 1630 er
1162 1567 1364 1649 quibuscum·

145 1670 207 1734 277
233 1689 292 1751 qtae
317 1669 591 1752 congredientibus
613 1669 702 1734 loeis.
726 1673 860 1751 putasne
884 1670 938 1751 qui
961 1675 1036 1735 tune
1059 1671 1142 1735 bello
1167 1671 1366 1754 optinuerant

234 1794 313 1853 eam,
350 1776 458 1840 uiuere
496 1774 659 1839 audientes
695 1774 866 1852 Amenofim
904 1795 1004 1857 neque
1039 1776 1249 1860 inruptionem
1287 1796 1365 1860 quae

233 1899 269 1945 er
291 1881 461 1964 Aethiopia
486 1882 555 1946 fieri
582 1885 728 1964 potuerat
754 1883 934 1946 munierunt
966 1882 1083 1945 multas
1116 1882 1226 1963 utique
1258 1886 1366 1947 eontra

232 1989 291 2052 boo
314 1988 567 2070 praeparationes
591 1987 741 2052 babentes
765 2007 864 2068 neque
888 1987 985 2051 alium
1009 1988 1176 2051 exereitum
1204 2006 1363 2069 praepara·
1384 2009 1408 2048 m

232 2096 326 2158 runt?
350 2094 396 2157 ait
419 2093 515 2158 enim:
539 2111 639 2173 usque
664 2093 703 2156 ad
726 2092 846 2175 Syriam
871 2111 924 2157 eos
947 2094 1102 2175 perimens
1127 2097 1292 2158 erseoutus
1316 2096 1365 2158 est

231 2217 288 2280 per
310 2218 433 2262 arenam
458 2197 586 2274 aridam,
611 2201 642 2262 et
665 2195 764 2284 [quia]
786 2199 890 2282 palam
914 2201 972 2268 est.
1001 2199 1075 2280 quia
1101 2218 1160 2262 non
1189 2199 1281 2263 facile
1307 2217 1365 2264 neo

233 2303 301 2369 sine
323 2304 407 2368 bello
430 2303 562 2367 transire
585 2304 744 2386 potuisset
767 2304 935 2390 exereitus:

145 2408 210 2472 278
277 2410 377 2474 XXX.
410 2409 512 2493 Igitur
548 2410 719 2474 seeundum
756 2392 993 2476 Marathonem·
1014 2429 1113 2491 neque
1151 2429 1186 2473 ex
1217 2410 1363 2492 Aegypto

233 2533 333 2598 genus
357 2517 407 2579 ent
429 2517 570 2579 nostrum
593 2532 693 2596 neque
718 2513 825 2578 exinde
850 2515 982 2596 quilibet
1005 2514 1128 2578 inmixti
1151 2517 1238 2590 sunt3
1263 2515 1363 2596 lepre·
1380 2540 1408 2580 77

322 2738 402 2802 ERV,
422 2738 513 2793 CPPa.
533 2768 566 2777 -
584 2742 616 2797 A.
635 2737 677 2791 ed.
695 2755 734 2808 pr.

269 2879 282 2932 1
308 2879 358 2948 eis]
376 2880 396 2932 ι’.
416 2895 436 2932 e.
456 2877 555 2943 αὐτοῖς
576 2877 695 2941 αὒτόςΛ
784 2879 800 2933 3
824 2879 951 2949 pilusium
970 2879 996 2930 B
1084 2879 1101 2931 4
1122 2878 1318 2945 poenitentium
1340 2879 1369 2953 V,

268 2967 335 3036 eius]
354 2983 405 3021 eut.
427 2967 450 3021 0
528 2968 635 3036 penitus
654 2968 827 3037 ignorabant]
847 2965 923 3019 τόθεν
942 2964 1050 3027 εἰκάζειν
1069 2961 1177 3037 ’ἔμελλον
1257 2966 1363 3038 deinde]

230 3056 250 3110 ι’.
270 3072 291 3110 ι,
311 3051 372 3111 εἶτα.
391 3055 465 3124 quod
481 3055 599 3109 restituit
616 3056 648 3108 ιἰι
666 3061 741 3109 textu
758 3056 853 3118 Nicea
873 3055 905 3107 τὰ
920 3053 1028 3108 arrian
1081 3052 1229 3110 5dixit1t
1281 3056 1364 3109 due·

231 3143 503 3212 aientes—extranei]
533 3141 774 3213 ἐπιστρατεύσαντες
793 3143 850 3200 (καὶ
872 3142 929 3213 περὶ
950 3139 1047 3195 τούτων
1070 3139 1184 3202 ὀνειδίζει
1201 3139 1315 3212 καθάπερ
1334 3139 1364 3194 οὔ

232 3228 368 3301 πολεμίους
388 3226 474 3289 αὐτοῖς
493 3226 627 3299 ἐπαγαγὼν
645 3226 680 3298 ni>
693 3226 750 3279 δέον
768 3233 821 3290 τοῖς
840 3225 935 3290 ’ἔξωθεν
954 3226 1123 3298 ἓτιιιληθιῖσιν
1146 3224 1260 3296 ἐγκαλεῖν
1266 3247 1273 3291 3
1297 3241 1363 3280 can·

231 3316 306 3370 cellis
323 3316 433 3370 7777777777
445 3316 476 3368 in
491 3315 634 3383 archetypo
653 3314 781 3369 excidisse
790 3321 867 3382 pato,
881 3314 967 3368 uerbo
980 3330 1050 3382 quae
1061 3319 1212 3382 aequantur
1224 3313 1264 3367 ain
1276 3330 1363 3367 mnen-

232 3404 300 3457 dare
320 3404 419 3457 euadat
443 3402 505 3457 otto
526 3402 674 3456 Gamtber:
697 3408 836 3463 (neeesse)
856 3403 957 3456 habens
977 3402 1110 3456 criminari
1129 3418 1173 3455 eos
1192 3402 1238 3470 qni
1257 3402 1363 3455 euooati

231 3492 278 3562 (ts.
297 3490 317 3561 ἕ
335 3493 405 3555 296)
426 3489 553 3544 uidentur
572 3491 689 3544 extranei
756 3491 831 3559 8ae]
852 3491 875 3544 si
893 3489 920 3544 R
1004 3490 1362 3561 posterioribus...tempa·

230 3581 316 3648 ribus]
334 3576 402 3631 ἀλλὰ
419 3577 464 3630 καὶ
480 3577 583 3648 χρόνοις
602 3577 706 3647 ὕστερον
773 3578 789 3631 9
808 3578 907 3648 inquit]
928 3578 1023 3633 addid.
1041 3579 1174 3645 interpret
1241 3577 1274 3631 10
1292 3578 1363 3646 peri·

230 3667 317 3736 mens]
336 3667 451 3736 puniens
468 3665 496 3720 R
567 3680 650 3732 usque
669 3663 704 3718 ad
722 3665 835 3734 Syriam]
855 3664 932 3736 μέχρι
950 3671 998 3736 τῆς
1013 3663 1119 3734 Συρίας
1139 3666 1269 3734 usquein
1289 3681 1363 3736 assy·

230 3756 297 3809 riam
322 3755 408 3818 codd..
434 3752 519 3822 (qnod
534 3753 595 3820 fuit
616 3753 675 3806 eine
697 3752 781 3806 dubio
798 3753 829 3806 ι’νι
849 3753 1013 3822 archetypo),
1033 3753 1089 3806 niet
1106 3754 1178 3821 quod
1195 3754 1226 3807 777
1247 3752 1314 3807 Cin
1333 3769 1362 3806 as

230 3845 317 3898 erasis
335 3847 468 3896 corrector
483 3856 615 3908 euperem.
634 3840 669 3894 ad
741 3841 771 3894 ll
793 3842 910 3910 egyptiis
928 3841 955 3893 B
1040 3845 1133 3910 aperte
1151 3839 1361 3910 uastationibus]

231 3929 361 3992 ιὺάλωτος
426 3931 458 3983 12
477 3935 575 3999 putans
594 3945 627 3982 ne
641 3930 668 3982 B
724 3929 756 3982 14
775 3929 878 3997 utique]
897 3929 989 3998 itaque
1003 3929 1031 3983 R
1087 3930 1118 3982 15
1137 3931 1364 3998 praeparauerant-

230 4017 290 4071 RV
351 4019 382 4072 16
402 4017 435 4071 ad
455 4017 569 4087 Syriam]
590 4017 624 4071 ad
642 4017 761 4070 assiriam
782 4017 809 4068 B
878 4018 909 4070 17
930 4021 957 4070 et
975 4017 1047 4086 quia]
1068 4017 1131 4086 quia
1149 4016 1291 4071 adalmodem
1310 4032 1364 4070 esse

228 4106 353 4173 seraptem·
441 4121 489 4158 nee
509 4105 577 4174 sine]
595 4121 644 4158 nec
662 4105 718 4158 sine
737 4105 807 4159 sicut
824 4104 852 4159 R
934 4106 966 4159 19
985 4104 1139 4158 ruatbnnem
1158 4104 1184 4157 B
1268 4105 1303 4159 20
1322 4105 1363 4158 est

230 4208 315 4261 genus
333 4199 365 4247 tr.
390 4192 416 4246 t*
