3036 4756
641 307 853 364 Praelatio.
1229 311 1313 378 XLV

181 502 316 567 indicem
338 502 419 568 libro
443 520 478 566 ex
502 501 570 566 eius
594 505 778 586 argumento
802 497 980 584 quaerentis
1002 502 1132 570 redolet.
1155 504 1314 570 iudicatur

180 608 263 674 enirn
285 627 346 698 uon
370 608 515 692 opusculi
537 608 637 672 totius
660 627 782 686 nomen,
806 608 861 673 sed
883 627 988 673 rerum
1012 628 1164 677 summac.

223 712 464 796 Acceditquod
490 732 528 777 ne
551 712 590 777 de
615 712 735 779 Graeca
757 713 884 795 quidem
912 715 1115 798 inscriptione
1139 716 1218 781 satis
1242 735 1312 782 con·

182 823 256 886 stat.
279 818 381 902 quode
406 820 445 884 cf.
468 817 570 883 Niesii
593 819 689 902 praei.
709 840 738 902 p.
759 819 815 894 ΠΙ,
835 822 872 883 ut
889 838 927 884 ne
946 820 1026 885 bauc
1044 820 1171 903 quidem
1194 826 1312 886 certam

182 925 324 989 extitisse
347 925 489 990 conicere
511 925 615 1025 limat.
638 925 695 990 illa
717 944 791 990 nero
811 926 991 1007 appellatio,
1015 946 1077 1009 qna
1099 927 1313 1010 antiquissimi

76 1109 78 1111 ¹
182 1031 351 1113 scriptores
375 1029 544 1095 Christiani
567 1027 664 1094 libros
686 1030 760 1095 illos
787 1030 945 1096 nominare
969 1031 1072 1097 solent
1093 1032 1159 1114 περὶ
1179 1039 1233 1115 τῆς
1254 1040 1312 1092 τῶν

187 1132 339 1199 Ἰουδαίων
358 1132 566 1220 ἀρχαιότητος,
585 1139 696 1218 postea
714 1137 807 1201 etiam
820 1136 910 1201 libris
924 1127 1146 1218 manuscriptis
1161 1133 1314 1217 inscripta

182 1241 235 1304 uel
256 1240 363 1323 potins
383 1241 561 1324 subscripta
578 1240 677 1306 fuisse
696 1242 832 1306 uidetur.
852 1260 888 1306 ea
908 1242 988 1306 enirn
1009 1241 1198 1323 subscriptio
1218 1240 1312 1305 etiam

182 1346 272 1410 libris
296 1346 416 1414 Latinis
444 1346 629 1411 melioribus
656 1351 743 1413 tauto
774 1366 927 1413 consensu
950 1347 1093 1424 traditur,
1117 1349 1154 1410 ut
1176 1350 1259 1410 certe
1280 1346 1313 1409 in

183 1451 352 1534 archetypo
381 1451 523 1516 codicum
553 1470 589 1515 ea
615 1453 757 1518 extitisse
784 1454 889 1538 negari
917 1473 977 1518 uon
1005 1453 1117 1536 possit.
1142 1453 1257 1517 etenim
1281 1454 1315 1516 et

183 1557 214 1620 in
238 1556 289 1620 [Β
312 1556 401 1620 libris
425 1555 538 1638 iisque,
562 1557 616 1640 qui
639 1558 677 1622 ab
702 1559 726 1622 L
748 1558 894 1641 pendent,
918 1562 950 1623 et
971 1558 1002 1622 in
1022 1559 1047 1622 P
1069 1557 1101 1622 in
1124 1556 1184 1621 fine
1208 1559 1312 1638 poste·

185 1662 276 1726 rioris
307 1660 380 1725 libri
412 1661 513 1743 prima
542 1680 637 1725 manu
661 1661 845 1744 litterisque
876 1661 1058 1727 maiusculis
1091 1660 1313 1748 subscribitur:

183 1765 323 1850 Eaplicit
343 1766 420 1830 liber
440 1765 591 1830 sccundus
608 1766 721 1830 Flauii
739 1767 863 1848 Ioseppi
884 1768 921 1831 de
942 1771 1094 1831 uetustate
1115 1765 1312 1833 Iudaeorum.

184 1876 258 1936 snut
289 1875 404 1955 tamer,
429 1890 508 1953 quae
541 1871 663 1937 obesse·
684 1872 860 1946 uideantur.
893 1873 1060 1956 quominus
1084 1872 1122 1935 ab
1144 1872 1314 1954 interprete

183 1977 252 2059 ipso
276 1976 353 2040 baec
376 1975 573 2059 subscriptis
588 1977 693 2060 posita
711 1968 764 2042 sit.
786 1977 921 2042 is'enim
944 1974 1108 2062 ἀρχαιότης
1132 1980 1164 2042 et
1184 1971 1314 2060 ἀρχαῖος

183 2083 291 2147 Latine
314 2081 345 2145 iu
377 2082 551 2162 antiquitas
582 2086 614 2146 et
644 2084 801 2167 cretiqaas,
832 2083 960 2154 παλαιὸς
990 2101 1066 2147 uero
1095 2081 1126 2145 iu
1149 2086 1238 2144 actus
1260 2079 1315 2143 uel

183 2192 323 2252 uetusta
336 2191 519 2252 conuertere
532 2188 624 2269 solet,
639 2189 678 2252 ci.
694 2209 724 2272 p.
740 2189 771 2265 3,
787 2190 807 2252 4
825 2187 1083 2252 arctissimam:
1098 2186 1312 2257 ταλαιὸταττνς

185 2293 216 2370 8,
241 2293 259 2356 7
286 2297 376 2356 aetas
402 2291 540 2372 altqcid:
564 2294 631 2375 περὶ
657 2303 714 2356 τῶν
741 2294 874 2356 παλαιῶν
899 2313 939 2368 τις
970 2294 1020 2368 11,
1045 2293 1064 2354 5
1092 2290 1313 2370 antiquissima

183 2397 305 2482 quidem
328 2402 358 2461 et
374 2397 556 2460 ueterrima:
576 2399 614 2459 τὰ
637 2399 689 2481 μὲν
712 2392 851 2459 ἀνωτάτω
873 2397 925 2458 καὶ
944 2395 1138 2473 παλαιότατα,
1158 2396 1218 2459 etsi
1242 2414 1313 2460 con·

185 2501 335 2567 litandum
351 2505 401 2566 est
413 2522 444 2584 p.
461 2503 534 2580 139,
549 2504 590 2568 18
604 2521 659 2585 pro
674 2505 809 2564 ceteram
824 2501 855 2563 in
866 2498 995 2564 Graecis
1009 2501 1140 2564 inueniri
1154 2497 1314 2586 ἀρχαίους.
1333 2530 1335 2534 ·

228 2608 316 2672 Hauc
338 2608 436 2692 igitur
453 2608 490 2671 de
507 2611 659 2672 umectata
675 2606 862 2671 Iadocoermr
880 2607 1124 2688 inscriptionem,
1144 2606 1172 2670 si
1190 2605 1313 2670 omittis

183 2712 370 2777 bandinium
395 2713 537 2796 aliosque
560 2715 770 2796 catalogorum
799 2716 953 2783 auctores.
975 2713 1095 2796 primus
1122 2712 1314 2776 Benedictus

184 2818 279 2883 Niese
303 2837 339 2881 er
362 2817 505 2883 codicum
529 2817 759 2900 subscriptione
781 2818 888 2883 libello
916 2823 1023 2883 nostro
1049 2818 1208 2900 repetiuit,
1233 2836 1314 2899 qnae

184 2942 258 2988 uero
282 2943 384 3006 usque
407 2923 446 2988 ad
470 2943 541 2988 eum
560 2923 688 2988 inscribi
707 2925 850 2990 solebant
867 2924 905 2988 de
922 2924 1108 3004 mrtiqaitote
1126 2921 1314 2987 bedueoram

185 3032 292 3092 contra
314 3028 467 3092 Anionem
488 3030 725 3110 prwamaticum
748 3031 791 3093 od
813 3028 1064 3110 Epaphroditum
1091 3033 1123 3092 et
1144 3029 1175 3092 iu
1200 3027 1313 3092 codici·

183 3132 244 3197 bus
267 3134 493 3199 recentioribus
516 3138 548 3198 et
569 3135 600 3198 in
620 3135 810 3200 editionibus
830 3135 1058 3217 antiquissimis
1077 3153 1112 3199 ex
1130 3132 1314 3215 Hieronymi

184 3238 253 3302 uita
274 3238 401 3322 Iosepbi
423 3238 474 3321 (dc
497 3239 575 3303 uiris
598 3240 713 3305 illustr.
737 3260 785 3322 cp.
808 3239 862 3322 13)
886 3246 918 3304 et
940 3240 1080 3305 eiusdem
1105 3239 1144 3302 ad
1162 3239 1312 3322 Magnum

185 3350 339 3409 oratorem
363 3344 448 3408 urbis
468 3344 584 3410 Romae
603 3346 736 3428 epistola
755 3346 904 3429 originem
923 3349 1087 3410 traxerunt
1114 3347 1205 3426 plane
1224 3343 1315 3408 nihili

183 3559 237 3620 tur
254 3555 344 3620 uelut
360 3554 392 3618 iu
412 3540 604 3631 cursiniano,
620 3575 699 3638 quae
716 3556 779 3620 iam
797 3556 832 3623 in
848 3555 949 3619 medio
968 3553 1070 3638 posui,
1087 3559 1119 3619 et
1135 3555 1167 3619 iu
1182 3555 1212 3618 H
1231 3572 1314 3618 nuuc

184 3659 383 3743 proferenda:
396 3663 566 3740 sequuntur
581 3662 643 3724 trio
657 3661 816 3725 contamino
828 3661 863 3723 ia
876 3661 987 3745 quibus
996 3660 1143 3741 Iosephus
1151 3659 1314 3723 Iudaicum

184 3765 402 3844 antiquitatem
435 3748 547 3845 probat
582 3768 763 3831 auctoritate
797 3765 968 3849 infidelium
999 3765 1036 3829 de
1067 3762 1316 3849 impupnolncijc

185 3869 360 3935 corumdem
377 3870 603 3934 calumniarum
619 3872 656 3934 e'n
673 3871 785 3936 Iadeos
802 3873 998 3956 ipsorumque
1016 3871 1092 3954 iopes
1110 3873 1314 3934 immolarem.

185 3995 243 4059 ego
259 3994 344 4053 uero,
355 3994 424 4040 curn
440 3995 490 4040 res
506 3969 629 4042 decerni
643 3976 940 4060 nequeatNiesium
955 3982 1084 4041 secutus
1097 3975 1227 4039 titulum
1243 3993 1314 4040 con·

184 4080 334 4145 formauit
352 4080 389 4144 de
406 4085 557 4145 uetustate
574 4080 763 4146 Iudaeorum
778 4084 846 4147 siue
863 4087 971 4147 contra
981 4081 1135 4162 Apioacm
1152 4080 1225 4144 libri
1241 4080 1313 4145 duo.

229 4185 335 4250 Pauca
367 4185 501 4269 deniqne
533 4185 613 4250 addo
646 4187 684 4252 de
714 4187 865 4252 librorum
895 4187 1074 4270 partitione.
1097 4186 1203 4269 plures
1231 4186 1314 4251 euim
