3036 4756
208 317 300 384 xffll
652 307 875 375 ,Praefatio

209 503 371 569 emendare
395 499 560 566 studuerit.
594 516 673 581 quae
696 496 813 580 optime
834 496 905 561 loco
932 496 1129 562 illustrantur
1154 499 1217 564 iam
1245 519 1340 582 supra

208 608 345 673 indicato
370 608 400 685 6,
424 607 465 670 21
490 626 533 669 cm
555 605 624 686 qaia
646 622 708 666 aco
737 601 775 665 ab
802 602 882 682 apsis
908 602 1163 684 conscriptoribus
1192 605 1339 685 facillime

209 714 318 794 doceat,
345 713 400 779 ubi
428 710 588 794 archetypi
609 708 755 774 librarius
783 726 888 772 errans
915 726 970 791 pro
997 729 1040 772 om
1062 710 1340 793 quesnellianis

210 820 277 884 sinc
299 819 365 884 ullo
389 816 485 883 dubio
512 814 603 895 cquis
631 813 798 897 scripserat
824 812 916 895 plane
942 813 1058 897 inopte.
1089 814 1174 897 quod
1201 833 1274 880 cum
1301 813 1340 880 ad

210 925 343 990 classem
374 922 505 1004 primam
541 920 692 984 librorum
729 918 772 983 sit
807 922 1025 1002 propagatum,
1063 919 1191 985 alterins
1228 921 1339 988 classis

211 1029 370 1113 archetypi
392 1027 538 1092 librarius
567 1023 678 1090 callide
705 1024 797 1105 cquis
821 1024 853 1088 in
876 1045 897 1086 c
919 1023 1029 1105 prcr'bm
1054 1029 1177 1091 mutato
1204 1026 1341 1092 latinita-

211 1138 276 1199 tem
299 1133 359 1200 sibi
382 1133 472 1198 uisus
495 1135 545 1197 est
571 1130 759 1196 restituisse.
790 1148 881 1213 porro
905 1130 1023 1215 legitur
1047 1132 1098 1209 12,
1123 1131 1141 1195 7
1165 1133 1219 1216 qui
1244 1129 1341 1196 Grac-

210 1259 312 1303 coram
348 1239 469 1319 aliquid
498 1237 557 1302 tole
583 1255 752 1317 perpessae
782 1233 848 1299 cst?
878 1238 963 1300 recte
993 1235 1106 1300 dixeris
1131 1241 1235 1303 extare
1258 1237 1341 1320 apud

212 1345 344 1410 classem
377 1344 545 1410 secundam
576 1340 647 1424 poio
682 1339 881 1420 Graecorum,
894 1421 901 1433 ι
914 1341 1072 1407 dubitabis
1102 1345 1217 1422 tamen,
1244 1343 1342 1409 immo

212 1450 351 1535 negabis,
380 1450 408 1514 si
431 1449 569 1515 codicem
592 1446 748 1513 Graecum
769 1441 800 1508 Λ
823 1463 883 1511 non
906 1446 998 1525 1116,
1022 1447 1079 1512 sed
1101 1437 1181 1518 ὅστίς
1199 1448 1342 1545 exhibere

213 1554 478 1620 unimammas.
497 1553 642 1618 simonen
658 1571 710 1617 res
729 1570 763 1617 so
785 1551 880 1616 nasa
902 1571 932 1634 p.
958 1553 1009 1631 re,
1031 1553 1082 1630 rc,
1105 1553 1160 1618 nu
1184 1553 1235 1619 cr
1257 1536 1343 1620 aeni

213 1679 313 1725 errore
335 1664 364 1725 ct
384 1660 466 1725 inter
487 1676 581 1724 uoces
603 1677 688 1740 reyes
704 1660 847 1737 pastores
868 1658 1132 1740 interposuerunt.
1155 1676 1216 1724 noo
1238 1659 1343 1738 minus

212 1765 307 1845 idom,
340 1785 420 1850 quae
452 1765 483 1831 in
518 1783 575 1830 suo
609 1763 777 1847 exemplari
807 1763 978 1843 inuenerat,
1014 1763 1183 1849 corrigere¹
1203 1764 1341 1842 uolebat,

214 1890 286 1936 cum
313 1872 366 1950 38,
396 1873 412 1935 l
436 1868 660 1950 procacissimam
686 1868 717 1933 in
741 1868 965 1948 almasanum,
997 1872 1050 1949 41,
1084 1870 1124 1934 17
1156 1869 1279 1935 ccccmo
1308 1871 1340 1935 in

214 1977 355 2057 decadas,
389 1977 442 2053 40,
475 1976 495 2039 8
527 1977 662 2063 morcant
691 1974 851 2058 archetypi
881 1974 913 2038 in
944 1975 1100 2052 narrauit,
1132 1977 1186 2054 45,
1215 1979 1234 2041 2
1263 1977 1342 2041 614

213 2080 452 2147 6161066666116
474 2079 679 2160 mrbahtermt,
704 2081 755 2158 74,
779 2080 799 2144 9
822 2079 884 2144 clio
906 2080 937 2144 in
960 2079 1040 2145 ulios
1061 2084 1207 2146 mutaret.
1230 2081 1258 2147 si
1280 2101 1342 2165 qua

216 2205 291 2252 uero
313 2206 424 2271 parum
447 2186 612 2264 intellexit,
635 2204 672 2251 ea
693 2185 744 2250 hic
766 2185 833 2250 illic
856 2184 963 2250 omisit
984 2187 1075 2251 uelut
1095 2186 1175 2253 illud
1197 2207 1245 2251 me
1268 2187 1298 2265 7,
1323 2189 1342 2250 5

216 2296 288 2358 anta
304 2291 479 2374 potiordbm
504 2291 643 2375 positum
670 2291 723 2356 uel
748 2290 829 2356 illud
854 2310 927 2355 aero
954 2292 1007 2371 40,
1031 2293 1062 2370 8,
1087 2291 1171 2375 quod
1196 2311 1251 2376 pro
1279 2292 1345 2356 ariri

216 2398 320 2481 inepte
351 2397 553 2480 archetypum
585 2394 708 2460 dedisse
739 2396 807 2460 ueri
834 2399 883 2460 eet
909 2397 1022 2462 simile.
1055 2396 1181 2462 nomina
1208 2397 1343 2480 denique

216 2503 332 2568 rariora
354 2521 425 2568 curn
449 2501 590 2586 uolgatis
612 2501 813 2584 permutauit,
841 2502 931 2566 uelut
957 2520 1011 2584 pro
1039 2500 1210 2567 scemam
1236 2503 1344 2586 posuit

220 2607 348 2673 Omeros
378 2627 408 2690 p.
439 2608 492 2684 48,
517 2608 547 2686 8,
571 2625 626 2689 pro
649 2605 772 2670 Iromuo
802 2625 838 2670 cn
864 2605 1002 2690 Vulgata
1028 2606 1118 2671 Iram
1144 2614 1186 2691 (p.
1211 2609 1263 2683 24,
1290 2609 1341 2672 10.

216 2717 269 2793 25,
297 2716 325 2779 7.
354 2714 405 2778 12.
431 2714 481 2777 15.
506 2714 558 2795 26,
586 2714 615 2776 2.
645 2712 676 2776 8.
705 2713 757 2787 35,
781 2712 800 2773 5
825 2730 851 2777 6.
876 2730 905 2793 q.
929 2717 977 2790 s),
1001 2731 1056 2796 pro
1081 2711 1266 2778 licumaosio
1288 2714 1342 2788 20,

218 2820 258 2885 16
279 2819 411 2884 formam
432 2816 594 2882 llrcmams
616 2816 741 2898 saepius
764 2816 913 2881 usitatam
931 2817 1080 2883 restituit
1102 2837 1201 2901 neque
1220 2819 1343 2893 desunt,

217 2927 255 2990 ut
285 2944 334 2990 res
361 2924 431 3001 fert,
455 2922 510 2987 ubi
539 2925 594 2986 aut
621 2921 740 2986 calamo
768 2924 824 2985 aut
850 2922 951 2986 oculis
981 2921 1128 2989 librarius
1153 2924 1263 3006 lapsus
1291 2924 1343 2999 sit,

216 3033 252 3097 ut
277 3050 307 3112 p.
334 3031 365 3106 9,
394 3029 413 3093 8
440 3024 590 3105 1161638,
619 3027 639 3091 6
665 3025 784 3090 ascitam
810 3027 865 3104 90,
890 3029 932 3091 21
960 3029 1142 3111 strcpodoo,
1167 3030 1221 3094 sed
1243 3031 1343 3094 rarius

217 3134 406 3202 acciderunt.
434 3135 559 3199 econtra
581 3131 764 3197 huiusmodi
786 3151 904 3198 errores
927 3132 1044 3215 primae
1068 3135 1162 3199 classi
1185 3137 1259 3199 sunt
1277 3153 1346 3216 pro·

216 3241 276 3323 prii
298 3240 390 3305 uelut
411 3241 442 3317 5,
468 3239 509 3304 16
531 3243 560 3302 61
582 3236 703 3302 cadraos
725 3237 895 3316 6111111666,
921 3239 972 3316 10,
998 3240 1038 3304 13
1061 3239 1135 3302 arbe
1161 3247 1226 3323 (pro
1250 3228 1344 3318 6116),

217 3347 271 3425 40,
299 3347 319 3410 6
346 3364 431 3409 creos
458 3345 512 3425 pm
538 3350 605 3426 (pro
631 3362 681 3407 cos
707 3346 771 3423 pai)
798 3344 850 3422 58,
879 3346 899 3407 3
925 3343 999 3407 dam
1026 3351 1091 3428 (pro
1120 3346 1187 3423 dio),
1220 3350 1251 3411 61
1283 3346 1344 3411 alia

217 3470 312 3534 supra
328 3453 509 3528 memorata,
524 3447 669 3513 studium
687 3467 761 3513 uero
781 3448 954 3533 corrigendi
970 3450 1070 3515 rarius
1094 3450 1344 3535 deprehenditur,

217 3556 277 3622 nisi
308 3554 525 3640 neglegentiae
548 3553 654 3637 potius
677 3553 813 3618 tribuere
839 3553 986 3619 malimus
1008 3576 1039 3639 p.
1065 3558 1116 3632 13,
1142 3557 1182 3621 17
1207 3542 1289 3640 quod
1311 3556 1343 3620 in

217 3662 387 3747 Ilegimns
409 3660 591 3742 reprimam,
614 3661 666 3737 24,
692 3661 733 3724 14
755 3660 790 3723 in
811 3662 921 3735 accole,
945 3662 997 3739 28,
1021 3662 1041 3725 5
1064 3661 1267 3743 integerrime,
1291 3664 1343 3735 40,

219 3768 238 3833 7
261 3766 422 3847 paccdam.
446 3769 540 3849 atque
562 3784 673 3830 uersus
691 3765 783 3830 finem
801 3764 903 3830 libelli
919 3766 1214 3850 61611611616111666
1233 3766 1344 3832 classis

218 3876 327 3937 auctor
347 3872 452 3936 taedio
478 3871 595 3937 laboris
621 3872 712 3954 plura
740 3890 832 3953 quam
860 3871 891 3935 in
920 3872 1064 3954 opusculi
1087 3872 1237 3956 principio
1261 3892 1343 3938 com·

218 3977 344 4043 misisse
367 3977 493 4042 uidetur
529 3977 616 4042 uitia.
649 3977 703 4060 qui
726 3977 786 4043 etsi
816 3977 962 4042 librarius
993 3977 1024 4042 in
1056 3977 1258 4044 describendo
1290 3997 1345 4062 per

218 4082 448 4166 neglegentiam
472 4087 504 4148 et
526 4083 653 4148 nimiam
677 4082 907 4149 festinationem
930 4102 1022 4165 saepe
1040 4084 1071 4148 iu
1091 4102 1208 4148 errores
1226 4084 1344 4164 incidit,

217 4189 323 4253 tamen
345 4189 445 4254 multo
469 4188 569 4283 magis
588 4188 924 4262 lectionibusfalterius
943 4188 1055 4255 classis
1074 4193 1124 4254 est
1140 4188 1345 4256 diffidendum
