3036 4756
234 312 274 375 70
443 308 587 364 Contra
613 307 796 378 Apionem
820 308 841 371 1,
859 307 1000 363 311-815
1019 305 1138 400 (XXXV)

230 521 267 566 ex
290 501 417 567 illorum
441 502 592 585 qualitate
616 501 815 568 denominate
838 505 896 578 est,
919 504 1031 584 postea
1053 519 1139 578 uero,
1164 499 1239 564 (lum
1262 499 1362 564 multu

230 615 371 691 tempora
393 607 578 685 noluissent,
602 626 714 672 nomen
743 610 900 672 mutetum
925 609 974 671 est
997 605 1136 670 ciuitatis
1160 608 1287 689 propter
1308 605 1362 669 ob·

229 714 390 798 probrium
414 717 446 778 et
468 714 581 778 cinitus
599 714 820 795 Hierosolyma
842 716 874 777 et
895 712 957 794 ipsi
975 710 1238 794 Hierosolymitee
1256 711 1362 776 uocnti
1383 803 1390 809 U

232 825 315 884 sunt.

142 924 207 988 312
275 925 405 989 XXXV.
428 925 494 988 Iste
517 922 673 1005 siquidem
696 942 754 987 nec
778 922 912 987 eundem
935 941 1041 1006 regem
1064 939 1157 1002 quum
1184 921 1232 985 illi
1260 921 1361 987 dicere
1397 943 1411 985 ι
1477 991 1478 994 ¹

231 1032 346 1113 potuit.
376 1030 431 1095 sed
462 1047 581 1096 nouum
612 1047 724 1093 nomen
758 1029 937 1112 composuit
969 1032 1002 1092 et
1030 1027 1230 1092 introducens
1262 1028 1364 1092 ueluti
1474 1014 1498 1024 ”

232 1137 391 1201 somnium
429 1135 524 1199 etium
556 1134 741 1217 prophetem
770 1134 962 1217 Aegyptium
998 1132 1076 1198 dicit
1107 1131 1146 1196 ud
1177 1133 1363 1198 Ammonem

145 1241 209 1304 313
235 1240 438 1316 destinatum,
463 1242 617 1322 quatenus
641 1238 679 1303 (le
701 1239 835 1321 leprosis
857 1257 1042 1322 responsum
1065 1241 1234 1321 peteretur.
1258 1238 1314 1303 sed
1332 1242 1364 1303 et

235 1345 280 1408 ait
311 1345 476 1410 collectam
507 1344 539 1407 in
570 1344 688 1427 templo
724 1344 961 1408 multitudinem
997 1342 1193 1408 Iudaeorum.
1229 1346 1364 1426 putasne

235 1451 294 1515 lroc
317 1469 428 1514 nomen
451 1450 584 1531 leprosis
608 1450 695 1533 ponit
718 1465 756 1514 un
779 1452 863 1514 certo
886 1449 1085 1514 solummodo
1108 1449 1233 1514 Indaeis
1256 1452 1288 1514 et
1310 1450 1363 1532 qui
1382 1470 1410 1511 ιο

235 1556 265 1620 iu
294 1558 460 1640 languores
488 1555 682 1620 inciderant?
714 1555 792 1621 dicit
822 1557 919 1620 enim:
954 1556 1110 1639 ¹‚populns
1141 1555 1363 1629 Iudaeorum‘3

147 1664 211 1727 314
234 1661 289 1745 qui
312 1662 472 1745 populus?
496 1661 617 1726 aduena
639 1681 677 1726 en
701 1665 784 1726 certe
808 1681 919 1748 genere
941 1661 1166 1745 prouincialis?
1190 1680 1246 1725 eur
1266 1661 1365 1745 igitur

234 1769 406 1853 Aegyptios
430 1769 599 1833 existentes
626 1768 759 1833 Iudaeos
787 1749 905 1833 nocue?
937 1769 965 1833 si
992 1786 1068 1832 uero
1095 1767 1252 1851 peregrini
1279 1772 1364 1845 sunt,

235 1894 329 1956 qnare
357 1894 418 1939 non
447 1874 526 1939 (licis
563 1873 667 1938 unde?
705 1875 756 1939 uel
793 1875 949 1956 quomodo
982 1892 1054 1958 rege
1087 1874 1206 1938 multos
1237 1872 1363 1955 quidem

235 1999 343 2045 eorum
365 1980 396 2043 in
424 1981 536 2064 pelago
565 1980 784 2064 submergente
812 1983 932 2044 ceteros
960 1982 1065 2045 eutem
1094 1979 1125 2042 in
1153 1979 1223 2044 loce
1249 1978 1410 2044 desertius

147 2088 210 2149 315
235 2085 405 2166 proiciente
433 2089 538 2150 tantae
567 2084 781 2149 multitudinis
810 2088 885 2149 sunt
910 2086 1046 2169 reperti?
1078 2088 1133 2149 eut
1164 2083 1362 2166 quemadmo-

236 2190 310 2256 dum
333 2190 493 2255 desertum
516 2189 639 2272 quidem
665 2190 785 2272 egressi
808 2193 882 2254 sunt
908 2193 940 2254 et
966 2192 1135 2254 tenuerunt
1159 2188 1363 2272 prouinciam,

324 2435 403 2500 BRl',
423 2434 513 2489 CPPu.
534 2465 567 2473 -
586 2433 617 2487 ,1.
637 2432 678 2486 ed.
697 2450 736 2502 pr.

275 2612 286 2662 l
308 2609 480 2662 denominata
498 2609 549 2675 esti
570 2607 717 2678 ὠνόματτοι
734 2607 756 2658 l
776 2605 924 2676 «nepum
942 2607 981 2659 erl.
997 2623 1042 2674 pr.
1106 2607 1123 2658 2
1141 2609 1251 2674 propter
1268 2605 1365 2672 obpro·

238 2697 335 2764 lorium]
355 2695 418 2764 πρὸς
437 2697 464 2747 τὸ
485 2693 648 2755 ὀνειδίζεσθαι
701 2695 717 2748 3
737 2694 798 2763 ipsil
817 2710 850 2746 ex
868 2695 925 2763 ipse
943 2709 1011 2748 com.
1030 2694 1057 2748 R
1129 2693 1364 2762 Hierosolymiteel

238 2782 419 2854 ἱεροτολὸμοος
438 2783 459 2833 ,1
514 2783 692 2851 5siquirlernl
712 2800 731 2836 o
751 2782 865 2836 Graecis
884 2782 958 2836 uocet
1017 2782 1069 2851 illi]
1088 2781 1135 2835 ille
1153 2780 1211 2835 RV
1266 2780 1364 2850 dicere]

237 2854 333 2925 docere
351 2872 436 2926 BRV
504 2873 520 2926 6
538 2872 648 2940 nouum!
667 2869 814 2940 καινότερον
832 2871 873 2925 ed.
887 2887 932 2939 pr.
951 2867 1084 2939 κενότερον
1103 2873 1127 2923 Δ
1198 2873 1226 2922 et
1244 2867 1365 2922 introdu-

238 2959 352 3012 cens-8
367 2961 512 3028 peteretur]
527 2959 571 3010 καὶ
585 2959 672 3028 παρεὶς
686 2958 802 3010 ὲνὺπντρν
815 2958 859 3009 καὶ
872 2956 1008 3028 προφήτην
1018 2955 1154 3027 Αἰγύπτιον
1169 2954 1205 3018 εἰς
1223 2949 1366 3027 ’Ἄμμωνος

239 3043 398 3116 ἀπελήλυθεν
416 3046 472 3116 περὶ
489 3053 540 3098 τῶν
559 3047 653 3117 ψωρῶν
671 3046 714 3097 καὶ
730 3046 830 3116 λεπρῶν
843 3046 961 3116 χρησμὸν
976 3040 1062 3108 οἴσων,
1081 3062 1152 3112 quoae
1163 3061 1221 3098 nure
1234 3043 1368 3097 intellexit

238 3134 378 3200 torterpm.
397 3134 432 3200 cs.
451 3133 471 3202 ἕ
490 3136 550 3186 306
624 3135 801 3203 isourniuml
820 3149 952 3187 summum
970 3134 997 3188 11
1069 3133 1229 3185 urnmionem
1246 3132 1274 3186 11
1291 3133 1367 3185 ham·

239 3237 344 3274 monem
358 3221 402 3274 Pu-
456 3222 472 3275 8
491 3221 805 3291 qnatenus-peteretur]
820 3224 951 3290 quatenus
965 3222 1077 3290 leprosis
1091 3224 1246 3290 peterentur
1258 3236 1367 3290 respon·

240 3325 297 3362 sum
317 3309 344 3362 B
362 3316 494 3378 quatenns
512 3326 640 3379 respousa
657 3314 812 3380 peterentur
829 3310 888 3364 RV
956 3307 1015 3377 sed}
1035 3309 1158 3377 sequitur
1171 3308 1254 3362 BRV
1306 3309 1366 3362 sin

240 3397 351 3466 templo]
371 3394 407 3457 εἰς
425 3397 458 3448 τὰ
477 3394 539 3465 ἱερά,
559 3415 575 3450 a
592 3398 693 3467 templo
707 3398 735 3452 11
752 3399 781 3451 in
799 3398 900 3467 temple
917 3397 947 3452 O.
964 3396 1102 3450 &meon
1154 3395 1327 3450 multitudine
1341 3396 1369 3451 11

243 3485 275 3539 10
292 3484 412 3553 leprosus
426 3485 453 3539 11
506 3487 607 3539 an-ll
628 3486 789 3555 inciderunt}
807 3484 826 3556 ἢ
845 3486 923 3555 μόνον
942 3491 993 3536 τῶν
1012 3481 1142 3536 Ἰουδαίων
1161 3481 1368 3553 retroscriptarum

241 3567 427 3641 περιπεσόντων
490 3573 627 3627 solomodo
642 3574 686 3626 Po
757 3578 786 3628 et
804 3575 861 3643 qui]
879 3572 960 3636 codd3
980 3573 1019 3625 eie
1038 3572 1084 3639 qui
1103 3572 1206 3625 conicio
1261 3570 1291 3623 ll
1311 3570 1368 3623 lun·

241 3674 320 3728 gores
338 3658 461 3712 BuPPo
515 3660 664 3715 inciderent
681 3661 709 3716 11
727 3662 795 3714 -sint
813 3661 838 3713 V
888 3659 965 3728 dicit]
983 3660 1029 3714 Sie
1043 3659 1072 3723 (τ’.
1087 3675 1108 3711 c.
1123 3657 1177 3724 (lic)
1191 3658 1219 3711 P
1272 3659 1304 3710 12
1324 3657 1369 3726 qui

242 3746 387 3816 populusil
407 3748 455 3816 qui,
471 3749 563 3818 populi
581 3750 608 3804 11
696 3749 800 3802 eduens
823 3753 911 3804 reret>
925 3747 1019 3800 CPPo
1107 3747 1140 3800 13
1159 3746 1250 3814 uoces]
1269 3742 1368 3805 ταλτῐςι

243 3838 324 3888 nocet
341 3836 411 3890 codd
450 3843 451 3846 ’
472 3837 588 3904 siuerol
609 3839 631 3890 si
650 3837 734 3905 igitur
751 3837 774 3889 V
830 3837 861 3888 14
881 3834 958 3904 dicis]
972 3834 1000 3887 B
1017 3833 1112 3904 λέγειςι
1132 3833 1199 3887 dicit
1216 3831 1293 3887 codd.
1311 3831 1369 3886 rell.

278 3921 409 3990 quomodo
428 3925 501 3993 rege]
522 3940 630 3993 eorrege
647 3924 675 3979 11
693 3940 745 3994 quo
763 3940 826 3992 rege
850 3921 981 3975 VprPa?
1034 3921 1133 3974 multos
1151 3919 1260 3990 quidem
1278 3935 1368 3972 eurum

244 4010 368 4080 intelligo
387 4011 582 4081 eubuergomut
598 4013 630 4065 in
648 4028 703 4065 rue.
722 4011 749 4066 R
812 4012 844 4065 15
863 4010 1062 4078 submergente]
1080 4008 1285 4077 submergerunt
1302 4007 1371 4077 (rut

243 4097 275 4150 iu
292 4115 348 4152 rus.
366 4100 404 4165 B)
424 4099 481 4152 BV
553 4099 658 4153 deserta
680 4099 706 4148 V
775 4100 807 4167 16
825 4097 966 4168 proicienti
984 4096 1012 4149 P
1027 4094 1308 4165 proiciente<popnli‚›
1327 4095 1371 4148 Pu

280 4194 291 4239 s
309 4187 379 4255 repti
397 4189 428 4240 in
447 4203 501 4240 ros.
521 4187 555 4248 Β,
575 4193 658 4240 orrico
676 4187 795 4240 extitisse
812 4187 922 4239 reicietur·
940 4188 1010 4245 sunt,
1031 4181 1217 4252 ὑπτλτὲρῦηιαν
