3036 4756
406 330 552 387 Contra
577 331 764 401 Apionom
785 330 1090 400 1,es-os(xl.x11)
1269 336 1309 398 15

183 526 334 592 exhibebo
358 529 390 591 et
412 545 477 603 eos,
509 525 562 608 qni
595 527 700 590 nostm
736 523 956 608 blasphemant
985 525 1114 618 generi.
1129 525 1222 591 ualde
1248 524 1310 607 ipsi

181 633 295 697 rationi
316 631 534 714 blasphemare
555 617 747 696 monstrabo.
1477 710 1479 714 y

226 737 298 803 XII.
327 736 394 802 Nos
425 736 526 822 igitur
560 755 662 819 neque
697 735 858 820 regionem
894 736 1084 802 maritimam
1120 736 1310 814 habitamus,
1319 731 1361 796 60

182 861 283 925 neque
313 840 525 906 mercimoniis
554 841 802 924 congaudemus,
832 860 933 925 neque
961 861 1017 927 per
1044 843 1134 908 baec·
1151 842 1310 907 alterutris

149 968 162 1008 e
181 946 484 1030 peregrinationibus
506 944 685 1029 fatigamur,
710 945 765 1011 sed
783 950 858 1036 sunt
875 947 1003 1028 quidem
1023 950 1145 1013 nostrae
1164 947 1309 1013 ciuitates
1345 979 1350 992 ·
1427 1024 1430 1031 ³

181 1053 293 1136 procul
315 1073 334 1118 a
355 1052 434 1117 mari
455 1051 587 1135 positae,
610 1051 832 1135 regionemque
854 1053 1044 1119 uberrimam
1061 1054 1259 1136 possidentes
1277 1053 1310 1117 in
1395 1101 1397 1106 .

182 1177 219 1224 ea
250 1158 376 1223 assidue
411 1158 602 1236 laboramus,
629 1157 794 1240 praecipue
831 1157 913 1223 circa
947 1158 1084 1223 filiorum
1121 1159 1311 1224 nutrimenta

182 1263 356 1341 studentes,
378 1264 549 1348 legumque
572 1263 748 1328 custodiam
775 1265 808 1328 et
833 1263 1034 1329 traditionem
1060 1264 1187 1346 pietatis
1210 1263 1309 1328 totius

182 1388 261 1451 opus
283 1370 368 1434 uitae
391 1369 603 1435 necessarium
625 1367 814 1434 iudicamus.
839 1387 911 1434 cnm
934 1369 1014 1434 assit
1030 1369 1130 1454 igitur
1146 1369 1207 1448 his,
1231 1387 1309 1451 qnae
1319 1365 1358 1428 61

64 1468 65 1474 ’
137 1498 164 1538 ιο
180 1474 341 1558 praedicta
376 1477 459 1550 sunt,
497 1474 727 1540 conuersationi
763 1475 888 1539 nostrae
926 1475 1021 1540 etiam
1052 1476 1119 1539 uita
1150 1474 1308 1553 remotior,

181 1580 260 1644 nihil
285 1579 348 1644 fuit
368 1579 401 1644 in
424 1580 561 1663 antiquis
584 1579 790 1662 temporibus,
814 1580 899 1662 quod
920 1578 1038 1645 faceret
1060 1579 1151 1644 nobis
1178 1580 1309 1664 permir-

181 1685 300 1750 tionem
329 1683 531 1763 Graecomm
559 1684 645 1754 siout
665 1684 835 1769 ¹Aegyptiis
862 1685 1074 1764 mercimonia,
1099 1703 1179 1768 quae
1201 1685 1240 1765 ab
1263 1685 1309 1750 eis

180 1790 353 1855 reiciantur
379 1793 412 1855 et
438 1790 477 1856 ad
504 1809 558 1855 eos
584 1809 695 1856 rursus
721 1789 975 1870 introducuntur,
998 1791 1168 1856 etiterum
1190 1791 1310 1855 habita·

181 1887 318 1962 toribus
338 1894 525 1963 Pboenioiae
566 1896 740 1961 maritimae
776 1896 977 1961 studentibus
1014 1896 1096 1961 circa
1131 1898 1310 1961 contractus

138 2023 164 2064 ιο
182 2004 276 2082 atque
298 1985 427 2083 negotia
449 2014 553 2064 amore
575 2000 726 2082 pecuniae
744 2000 907 2082 requisita.
927 2000 984 2066 sed
1000 2019 1101 2084 neque
1120 2001 1202 2066 circa
1218 2001 1310 2066 latro
1319 1997 1361 2060 62

183 2107 265 2171 ciria
292 2104 376 2187 sicut
404 2105 531 2186 quidam
559 2105 614 2169 alii
642 2108 834 2170 uaoauemnt
856 2109 911 2171 aut
933 2106 1070 2188 amplius
1093 2107 1207 2171 habere
1239 2125 1310 2172 con-

183 2211 381 2294 cupiscentes
408 2214 514 2294 patres
542 2210 642 2276 nostri
669 2210 709 2275 ad
735 2210 820 2276 bella
846 2211 990 2276 conuersi
1016 2214 1100 2291 sunt,
1123 2213 1200 2278 licet
1221 2212 1308 2297 regio

182 2320 288 2382 nostra
317 2315 419 2381 multa
447 2316 537 2380 milia
571 2316 711 2381 uiromm
747 2316 878 2381 fortium
913 2315 1100 2399 possideret.
1136 2318 1310 2383 Phoenices
1319 2314 1361 2378 63

183 2441 256 2507 ergo
287 2426 416 2505 propter
445 2421 574 2506 negotia
602 2420 641 2485 ad
673 2419 865 2486 Graecorum
896 2421 1091 2502 prouinciam
1122 2423 1309 2508 nauigantes

137 2529 307 2609 rerepente
331 2530 405 2591 sunt
434 2515 533 2612 agniti
556 2529 588 2591 et
610 2545 666 2610 per
687 2526 759 2591 illos
780 2527 930 2610 Aegyptii
953 2530 986 2591 et
1008 2545 1126 2607 omnes,
1154 2547 1172 2592 a
1194 2527 1310 2610 quibus

182 2633 222 2698 ad
251 2631 389 2698 Graecos
419 2651 512 2698 onera
541 2633 738 2697 deuehebant
765 2632 908 2697 inmensa
936 2632 1035 2697 maria
1062 2633 1309 2716 proscindentes.

181 2738 267 2803 Medi
290 2757 364 2805 uero
388 2742 499 2823 postea
521 2741 615 2822 atque
633 2738 748 2803 Persae
770 2738 874 2821 palam
896 2737 928 2801 in
951 2737 1027 2802 Asia
1049 2742 1261 2823 regnauerunt
1278 2742 1310 2803 et
1319 2736 1363 2800 64

181 2864 282 2927 usque
306 2844 344 2909 ad
368 2845 496 2909 alteram
518 2845 647 2926 Epirum
670 2843 785 2908 Persae
803 2843 1030 2908 militauerunt.
1050 2844 1184 2909 Thraces
1203 2848 1309 2909 autem

268 3016 346 3081 nnn,
365 3015 418 3079 or,
437 3031 462 3071 ο.
481 3046 515 3056 -
533 3014 565 3080 n,
584 3013 625 3068 ea.
644 3030 683 3084 pr.

218 3132 231 3185 l
260 3131 313 3201 ipsi
334 3130 445 3200 rationi]
469 3127 496 3180 ἒν
514 3134 567 3192 τοῖς
589 3127 717 3200 λόγοιςΛ
739 3133 870 3197 corrupta
893 3128 1012 3195 lectione,
1031 3126 1115 3183 wlede
1133 3135 1186 3190 τοῖς
1204 3128 1309 3198 λόγοιςῖ

181 3220 197 3274 3
216 3219 363 3288 regionem]
384 3219 521 3272 nationem
539 3218 567 3273 Β
638 3219 655 3270 4
679 3216 868 3286 mercimoniis]
888 3233 921 3271 ec
937 3215 1103 3270 mocimoniis
1121 3230 1190 3270 corr.
1208 3216 1266 3286 ipse
1282 3215 1310 3269 B

181 3306 389 3376 oumgaudemus
402 3306 429 3361 Β
446 3306 528 3364 hooc
613 3305 756 3358 alterutros
770 3303 997 3374 (imperscrs'pto)
1011 3302 1037 3356 L
1090 3302 1268 3372 tiatigamus
1281 3303 1309 3358 Β

181 3395 228 3450 sed
242 3399 306 3449 suut
319 3393 438 3464 quidem]
454 3393 511 3446 ἀλλ’
526 3391 574 3445 εἰσὶ
587 3393 641 3462 μὲν,
651 3375 838 3460 cntempsi,
847 3390 895 3446 sed
904 3389 1011 3462 quidem
1020 3390 1098 3446 codd.
1112 3404 1129 3444 e
1165 3390 1307 3460 dpositae]

181 3483 307 3589 ppositP
359 3483 554 3536 inutrimenta
565 3481 681 3535 liliorum
694 3485 727 3534 tr.
741 3479 769 3534 Β
818 3479 915 3548 80pus
928 3480 1013 3532 totius
1026 3483 1058 3533 tr.
1073 3477 1153 3532 RGP
1199 3478 1306 3548 tussit]

181 3615 215 3652 as
235 3598 264 3664 (i.
280 3613 300 3651 e.
316 3597 421 3664 animis)
434 3598 462 3651 P
514 3584 559 3666 oui
578 3593 708 3665 praedicti
725 3594 753 3649 Β
790 3595 824 3649 10
842 3593 1050 3656 conuersationis
1069 3592 1173 3659 οοοοοζοίο
1227 3593 1308 3646 etiam

181 3687 252 3742 inter
270 3686 318 3742 lic.
336 3686 426 3754 suppl.
440 3684 466 3738 J.
556 3684 585 3738 11
607 3683 676 3737 nihil
693 3682 757 3753 fnit]
778 3681 851 3735 niblo
865 3681 888 3733 A
907 3680 980 3734 ebbio
998 3675 1031 3750 ἢν
1051 3680 1090 3734 ed.
1104 3696 1150 3748 pr.
1231 3680 1308 3734 nobie

181 3790 231 3829 om.
250 3773 278 3826 B
320 3774 353 3827 12
372 3771 595 3843 aegyptusROP
663 3771 811 3825 reiciantur
829 3770 867 3823 eis
881 3775 913 3823 tr.
927 3768 1043 3836 eodipm
1056 3783 1124 3822 coru.
1138 3767 1166 3820 B
1209 3768 1241 3822 13
1260 3767 1309 3821 ha·

180 3861 310 3917 bitatores
327 3861 376 3916 ΟΡ
424 3863 613 3932 licentratus
627 3862 653 3914 P
694 3859 727 3914 16
746 3857 951 3913 aut-conuersi
969 3857 1042 3925 sunt]
1059 3855 1078 3927 ἢ
1096 3856 1125 3909 τὸ
1144 3854 1221 3908 πλέον
1240 3852 1307 3926 ἔχειν

183 3949 269 4010 ἀξιοῦν
278 3947 448 4020 πολεμοῦντες
459 3947 635 4020 lapda-poculi
643 3978 677 3988 -
685 3946 815 4009 ἀξιοῦντες
825 3944 861 4010 οἷς
870 3943 998 4016 πολέμους
1009 3943 1134 4015 treceni.
1170 3944 1203 3998 21
1215 3945 1306 4012 onera]

181 4034 308 4089 honorem
321 4034 347 4087 1.
361 4034 410 4101 (U
422 4051 491 4090 corr.
504 4036 614 4101 honera)
630 4035 728 4090 BRPo
740 4034 853 4088 honores
869 4031 893 4086 0
943 4030 1156 4103 proscindentes]
1169 4030 1308 4101 possiden·

180 4127 223 4178 tes
237 4124 265 4179 Β
313 4123 347 4178 23
361 4123 405 4192 ad]
419 4140 494 4194 mcpr.
509 4125 558 4179 lin.
573 4123 638 4178 cdd.
652 4123 679 4177 B
741 4123 852 4177 alteram
865 4121 984 4191 Epirum]
999 4126 1047 4190 rip<
1059 4118 1188 4191 ἡμετέροις
1200 4115 1309 4189 ἠπείρου

183 4212 203 4264 l
214 4212 292 4266 baud
307 4218 384 4279 recte,
399 4211 487 4282 ’κτέρας
501 4212 633 4280 interprea
645 4212 728 4265 uertit
779 4210 885 4264 trbaces
894 4208 921 4262 B
934 4211 1021 4264 traces
1029 4207 1109 4263 ROP
