3036 4756
608 301 821 357 Praefatio.
1208 309 1284 375 ΧΙΧ

230 499 302 582 54.
326 496 381 560 De
412 495 593 578 singulis
623 495 773 579 primae
804 496 954 562 classis
984 497 1208 566 codicibus,

194 623 367 704 Postquam
391 619 605 685 demonstraui
623 637 721 683 uuum
740 619 840 684 fuisse
859 619 999 685 omnium
1017 621 1161 687 codicum
1180 624 1283 688 arche

150 733 272 812 typum,
291 745 328 792 ex
345 727 405 791 boo
423 744 498 792 uero
517 725 595 791 duas
616 743 686 790 esse
704 724 856 790 librorum
876 725 994 791 classes
1013 726 1170 793 deriuatas
1189 732 1282 811 etque

150 833 280 898 alterius
302 831 430 914 quidem
454 831 657 913 archetypum
681 828 719 894 ab
737 829 864 895 librario
883 833 921 896 ut
938 831 1016 897 satis
1034 834 1220 918 neglegente
1238 837 1284 900 ita

151 937 336 1004 emendandi
359 954 419 1002 uon
448 935 590 1002 studioso
621 935 824 1018 descriptum,
848 936 978 1001 alterius
1005 956 1081 1003 uero
1107 940 1282 1005 accuratius

150 1044 276 1127 quidem
301 1043 488 1117 confectum,
507 1040 565 1106 sed
583 1040 667 1106 curis
685 1041 805 1106 librarii
823 1041 971 1107 doctioris
991 1043 1117 1126 saepius
1136 1044 1283 1126 depraua-

150 1151 218 1214 tum
242 1167 338 1231 quam
361 1146 560 1212 emendatum
580 1165 651 1212 esse
670 1147 810 1230 exposui,
829 1147 994 1212 nunciam
1012 1150 1156 1230 quaestio
1174 1169 1284 1233 propo·

150 1254 244 1332 nitur,
255 1271 335 1336 quae
348 1253 430 1318 inter
440 1251 583 1336 singulos
598 1251 764 1334 utriusque
778 1252 889 1317 classis
903 1251 1002 1318 libros
1011 1253 1185 1320 intercedat
1192 1256 1282 1333 ratio,

150 1361 328 1444 quibusque
343 1358 505 1424 codicibus
519 1357 654 1422 maxima
671 1357 748 1423 fides
768 1358 811 1423 sit
828 1357 981 1423 habenda.
1000 1362 1093 1442 atque
1110 1360 1174 1425 iam
1190 1379 1283 1444 supra

149 1467 212 1532 diri
239 1465 380 1531 codicem
408 1463 664 1528 uetustissimum
691 1464 934 1530 Laurentiauum
960 1465 1062 1531 LXVI
1089 1468 1108 1529 2
1132 1466 1183 1551 (L)
1210 1485 1282 1532 cum

149 1572 260 1637 multis
291 1570 517 1637 recentioribus
552 1589 622 1635 esse
653 1572 848 1635 lacunosum.
880 1571 976 1636 illone
1008 1571 1107 1655 igitur
1137 1592 1174 1637 er
1201 1574 1280 1638 libro

148 1677 338 1743 recentiores
363 1675 516 1760 originem
540 1694 630 1739 suam
653 1679 834 1741 traxerunt?
867 1679 900 1741 at
922 1676 1062 1743 codicem
1085 1678 1111 1741 L
1132 1697 1193 1742 una
1215 1678 1282 1760 qui-

150 1785 220 1851 dem
244 1783 364 1850 saeculi
382 1783 562 1871 leanus
586 1781 723 1863 scripsit,
742 1784 920 1864 complures
939 1801 1015 1848 uero
1034 1803 1146 1849 manus
1166 1803 1282 1850 correc-

148 1893 243 1956 trices
275 1893 396 1955 textum
428 1889 529 1971 prima
555 1908 650 1953 mauu
678 1890 831 1973 scriptum
860 1890 1064 1955 emendarunt
1092 1890 1145 1954 uel
1173 1892 1281 1973 potius

149 1997 313 2063 emendare
337 1995 535 2060 studuerunt.
562 1997 656 2077 atque
680 1995 801 2060 Aeneas
826 1994 944 2061 Silvius
971 1995 1176 2061 Piccolomini
1204 1997 1280 2062 duas

148 2103 285 2186 quidem,
309 2101 464 2166 Aemilius
490 2119 565 2165 uero
593 2099 775 2183 Kroymaun
803 2103 877 2178 tres,
902 2099 1006 2166 Guido
1035 2101 1167 2185 denique
1189 2102 1282 2186 Biagi

149 2211 298 2292 quattuor
315 2224 427 2270 manue
446 2204 666 2283 distinxerunt,
682 2224 760 2288 quos
781 2208 909 2271 secutus
924 2205 1005 2289 siglo
1020 2205 1059 2270 L¹
1075 2208 1281 2272 correctiones

148 2313 336 2398 significaui,
365 2330 444 2394 quae
471 2309 509 2374 ab
536 2312 606 2392 ipso
635 2309 753 2375 codicis
782 2310 918 2388 librario,
943 2311 1025 2396 siglo
1049 2312 1090 2376 12²
1113 2331 1177 2383 eas.
1201 2331 1280 2396 quae

147 2438 243 2485 mauu
282 2416 409 2482 librario
446 2415 569 2497 aequali
605 2415 725 2508 saeculi
761 2413 841 2491 Xl'l,
878 2414 918 2479 L³
955 2435 1018 2495 eas,
1056 2435 1136 2500 quae
1177 2416 1280 2481 iudice

146 2525 347 2609 Kroymanuo
385 2540 480 2586 manu
512 2521 630 2584 saeculi
662 2517 731 2584 ΧΠί
764 2520 815 2585 uel
846 2519 940 2598 xlm,
973 2519 1013 2584 Le
1050 2521 1184 2604 denique
1216 2540 1278 2598 eas,

148 2650 227 2715 quac
254 2632 336 2693 teste
363 2627 474 2710 Biagio
503 2626 629 2691 saeculo
659 2625 786 2691 demum
812 2625 887 2691 XV⁰
914 2628 967 2691 uel
994 2626 1084 2692 XVI⁰
1112 2627 1214 2692 textui
1235 2627 1280 2690 iu-

147 2739 248 2802 sertee
280 2734 333 2799 uel
366 2731 594 2815 superscriptae
623 2734 707 2796 suut.
739 2751 830 2815 porro
859 2732 892 2797 id
917 2732 1089 2797 notandum
1113 2736 1171 2810 est,
1196 2731 1280 2815 quod

145 2842 185 2906 11¹
209 2845 241 2906 et
262 2840 302 2904 11⁴
325 2837 403 2903 satis
426 2855 526 2919 pauca
545 2836 706 2915 dederuut,
724 2837 765 2901 Ι,2
782 2856 868 2914 uero,
888 2856 981 2921 quam
999 2837 1219 2922 Kroymaunue
1239 2839 1277 2901 ab

147 2947 247 3029 ipsius
257 2945 479 3010 librariimauu
494 2941 668 3007 certissime
684 2943 840 3008 diuersam
856 2943 910 3021 ait,
920 2944 953 3008 id
963 2944 1046 3026 quod
1055 2943 1279 3010 Piccolominio

147 3053 238 3118 aliter
264 3051 441 3126 uidebatur,
465 3048 673 3114 emendatoris
698 3069 768 3114 esse
791 3051 927 3128 uidetur,
952 3049 1006 3132 qui
1028 3050 1146 3116 librum
1172 3068 1279 3114 recens

147 3158 325 3225 confectum
348 3155 514 3220 maximam
536 3157 657 3236 partem
682 3173 717 3219 ex
740 3155 858 3232 codice,
881 3155 982 3219 rarius
1007 3153 1044 3220 de
1074 3174 1132 3220 suo
1154 3154 1279 3239 ingenio

147 3263 289 3339 correxit,
312 3260 353 3325 12³
376 3260 510 3342 denique
538 3261 664 3324 econtra
691 3258 827 3324 bominis
857 3259 951 3337 docti,
975 3259 1031 3342 qui
1054 3277 1112 3341 ope
1135 3259 1278 3324 codicum

147 3368 317 3434 destitutus
359 3385 439 3449 quae
481 3384 554 3429 eum
590 3364 786 3430 offenderunt
822 3383 946 3447 semper
982 3367 1136 3447 quantum
1174 3365 1279 3448 potuit

146 3476 214 3559 ipse
238 3472 400 3539 emendare
423 3474 554 3538 conatus
577 3490 811 3554 nonnumquam
836 3490 911 3536 uera
931 3470 1064 3549 inuenit,
1087 3471 1188 3536 multo
1214 3490 1278 3536 sao·

146 3581 219 3663 pius
242 3598 317 3644 uero
335 3577 469 3642 ueritate
492 3577 662 3642 frustratus
686 3581 747 3667 est,
766 3577 794 3642 ie
816 3576 932 3642 litteris
951 3576 1142 3661 corrigendis
1162 3595 1278 3641 correc-

147 3714 248 3780 tiones
273 3728 480 3793 superponere
505 3709 612 3792 cisque
637 3709 752 3793 siglum
780 3732 796 3773 e
822 3710 842 3775 i.
866 3729 892 3774 e.
916 3709 1055 3792 corriqos
1080 3710 1278 3792 praemittere

544 3806 553 3830 .

146 3890 238 3967 solet,
261 3889 352 3954 uelut
373 3907 402 3970 p.
424 3849 801 3969 10,13⁰22roalegimus,
826 3904 887 3969 quo
910 3885 1067 3951 indicatur
1089 3885 1129 3949 L³
1151 3885 1224 3950 erbe
1244 3886 1277 3950 in

145 3993 214 4057 orbe
237 3992 350 4076 corrigi
374 3991 525 4056 uoluisse.
551 3991 697 4073 quoniam
722 4010 796 4056 uero
820 3991 900 4055 hanc
922 4009 1060 4069 manum,
1084 4010 1145 4074 qua
1167 3991 1279 4056 nititur

144 4098 288 4163 codicum
308 4096 499 4174 distributio,
514 4098 658 4160 accurate
672 4095 916 4161 Piccolomiuius
936 4096 1087 4172 enotauit,
1103 4096 1182 4160 nibil
1199 4095 1278 4160 mibi

147 4221 239 4268 curae
263 4221 332 4267 esse
355 4202 488 4286 poterat,
513 4202 540 4266 si
563 4201 603 4265 111
626 4205 658 4266 et
679 4203 720 4267 1ιὲ
744 4202 889 4285 aequales
913 4200 1066 4265 confudit.
1208 4288 1242 4342 b*
